msa-code,metro-code,metro-name,program,limit-type,median-price,limit-1-unit,limit-2-units,limit-3-units,limit-4-units,state,county-fips,state-name,county-name,county-transaction-date,limit-transaction-date,median-price-determining-limit,year-for-median-determining-limit
,,,ZZ203,S,,0679650,0870225,1051875,1307175,,,,,,20171201,,
,,,203B,S,,0294515,0377075,0455800,0566425,,,,,,20171231,,
99999,0,NON-METRO,203B,S,0101000,0294515,0377075,0455800,0566425,AK,013,ALASKA,ALEUTIANS EAST,20171201,20180101,0214000,2013
99999,0,NON-METRO,203B,H,0226000,0385250,0493200,0596150,0740850,AK,016,ALASKA,ALEUTIANS WEST,20171201,20140101,0335000,2013
11260,0,"ANCHORAGE, AK",203B,H,0343000,0396750,0507900,0613950,0763000,AK,020,ALASKA,ANCHORAGE MUNIC,20171201,20170101,0345000,2016
99999,0,NON-METRO,203B,S,0172000,0294515,0377075,0455800,0566425,AK,050,ALASKA,BETHEL CENSUS A,20171201,20180101,0208000,2015
99999,0,NON-METRO,203B,H,0194000,0313950,0401900,0485800,0603750,AK,060,ALASKA,BRISTOL BAY BOR,20171201,20160101,0273000,2015
99999,0,NON-METRO,203B,H,0197000,0297850,0381300,0460900,0572800,AK,068,ALASKA,DENALI BOROUGH,20171201,20140101,0259000,2013
99999,0,NON-METRO,203B,H,0259000,0297850,0381300,0460900,0572800,AK,070,ALASKA,DILLINGHAM CENS,20171201,20180101,0259000,2017
21820,0,"FAIRBANKS, AK",203B,S,0238000,0294515,0377075,0455800,0566425,AK,090,ALASKA,FAIRBANKS NORTH,20171201,20180101,0239000,2013
99999,0,NON-METRO,203B,S,0217000,0294515,0377075,0455800,0566425,AK,100,ALASKA,HAINES BOROUGH,20171201,20180101,0247000,2012
99999,0,NON-METRO,203B,S,0236000,0294515,0377075,0455800,0566425,AK,105,ALASKA,HOONAH-ANGOON C,20171201,20180101,0245000,2016
27940,0,"JUNEAU, AK",203B,H,0372000,0427800,0547650,0662000,0822700,AK,110,ALASKA,JUNEAU CITY AND,20171201,20180101,0372000,2017
99999,0,NON-METRO,203B,S,0210000,0294515,0377075,0455800,0566425,AK,122,ALASKA,KENAI PENINSULA,20171201,20180101,0219000,2016
28540,0,"KETCHIKAN, AK",203B,H,0294000,0338100,0432800,0523200,0650200,AK,130,ALASKA,KETCHIKAN GATEW,20171201,20180101,0294000,2017
99999,0,NON-METRO,203B,H,0332000,0381800,0488750,0590800,0734250,AK,150,ALASKA,KODIAK ISLAND B,20171201,20140101,0332000,2013
99999,0,NON-METRO,203B,S,0112000,0294515,0377075,0455800,0566425,AK,158,ALASKA,KUSILVAK CENSUS,20171201,20180101,0161000,2013
99999,0,NON-METRO,203B,S,0151000,0294515,0377075,0455800,0566425,AK,164,ALASKA,LAKE AND PENINS,20171201,20180101,0164000,2016
11260,0,"ANCHORAGE, AK",203B,H,0343000,0396750,0507900,0613950,0763000,AK,170,ALASKA,MATANUSKA-SUSIT,20171201,20170101,0345000,2016
99999,0,NON-METRO,203B,H,0340000,0391000,0500550,0605050,0751900,AK,180,ALASKA,NOME CENSUS ARE,20171201,20180101,0340000,2017
99999,0,NON-METRO,203B,H,0146000,0332350,0425450,0514300,0639150,AK,185,ALASKA,NORTH SLOPE BOR,20171201,20140101,0289000,2013
99999,0,NON-METRO,203B,S,0179000,0294515,0377075,0455800,0566425,AK,188,ALASKA,NORTHWEST ARCTI,20171201,20180101,0204000,2016
99999,0,NON-METRO,203B,H,0227000,0332350,0425450,0514300,0639150,AK,195,ALASKA,PETERSBURG CENS,20171201,20140101,0289000,2013
99999,0,NON-METRO,203B,S,0169000,0294515,0377075,0455800,0566425,AK,198,ALASKA,PRINCE OF WALES,20171201,20180101,0225000,2013
99999,0,NON-METRO,203B,H,0399000,0458850,0587400,0710050,0882400,AK,220,ALASKA,SITKA CITY AND,20171201,20180101,0399000,2017
99999,0,NON-METRO,203B,H,0336000,0415150,0531450,0642400,0798350,AK,230,ALASKA,SKAGWAY MUNICIP,20171201,20170101,0361000,2016
99999,0,NON-METRO,203B,S,0224000,0294515,0377075,0455800,0566425,AK,240,ALASKA,SOUTHEAST FAIRB,20171201,20180101,0228000,2016
99999,0,NON-METRO,203B,S,0208000,0294515,0377075,0455800,0566425,AK,261,ALASKA,VALDEZ-CORDOVA,20171201,20180101,0255000,2013
99999,0,NON-METRO,203B,H,0178000,0332350,0425450,0514300,0639150,AK,275,ALASKA,WRANGELL CITY A,20171201,20140101,0289000,2013
99999,0,NON-METRO,203B,H,0152000,0420900,0538800,0651300,0809450,AK,282,ALASKA,YAKUTAT CITY AN,20171201,20140101,0366000,2013
99999,0,NON-METRO,203B,S,0092000,0294515,0377075,0455800,0566425,AK,290,ALASKA,YUKON-KOYUKUK C,20171201,20180101,0117000,2015
33860,0,"MONTGOMERY, AL",203B,S,0145000,0294515,0377075,0455800,0566425,AL,001,ALABAMA,AUTAUGA,20171201,20180101,0172000,2011
19300,0,"DAPHNE-FAIRHOPE-FOLEY, AL",203B,S,0183000,0294515,0377075,0455800,0566425,AL,003,ALABAMA,BALDWIN,20171201,20180101,0195000,2008
21640,0,"EUFAULA, AL-GA",203B,S,0097000,0294515,0377075,0455800,0566425,AL,005,ALABAMA,BARBOUR,20171201,20180101,0126000,2010
13820,0,"BIRMINGHAM-HOOVER, AL",203B,S,0190000,0294515,0377075,0455800,0566425,AL,007,ALABAMA,BIBB,20171201,20180101,0190000,2017
13820,0,"BIRMINGHAM-HOOVER, AL",203B,S,0190000,0294515,0377075,0455800,0566425,AL,009,ALABAMA,BLOUNT,20171201,20180101,0190000,2017
99999,0,NON-METRO,203B,S,0072000,0294515,0377075,0455800,0566425,AL,011,ALABAMA,BULLOCK,20171201,20180101,0076000,2010
99999,0,NON-METRO,203B,S,0099000,0294515,0377075,0455800,0566425,AL,013,ALABAMA,BUTLER,20171201,20180101,0099000,2017
11500,0,"ANNISTON-OXFORD-JACKSONVILLE, AL",203B,S,0117000,0294515,0377075,0455800,0566425,AL,015,ALABAMA,CALHOUN,20171201,20180101,0117000,2017
46740,0,"VALLEY, AL",203B,S,0050000,0294515,0377075,0455800,0566425,AL,017,ALABAMA,CHAMBERS,20171201,20180101,0098000,2010
99999,0,NON-METRO,203B,S,0103000,0294515,0377075,0455800,0566425,AL,019,ALABAMA,CHEROKEE,20171201,20180101,0109000,2010
13820,0,"BIRMINGHAM-HOOVER, AL",203B,S,0190000,0294515,0377075,0455800,0566425,AL,021,ALABAMA,CHILTON,20171201,20180101,0190000,2017
99999,0,NON-METRO,203B,S,0064000,0294515,0377075,0455800,0566425,AL,023,ALABAMA,CHOCTAW,20171201,20180101,0084000,2010
99999,0,NON-METRO,203B,S,0091000,0294515,0377075,0455800,0566425,AL,025,ALABAMA,CLARKE,20171201,20180101,0113000,2010
99999,0,NON-METRO,203B,S,0073000,0294515,0377075,0455800,0566425,AL,027,ALABAMA,CLAY,20171201,20180101,0087000,2010
99999,0,NON-METRO,203B,S,0113000,0294515,0377075,0455800,0566425,AL,029,ALABAMA,CLEBURNE,20171201,20180101,0113000,2017
21460,0,"ENTERPRISE, AL",203B,S,0110000,0294515,0377075,0455800,0566425,AL,031,ALABAMA,COFFEE,20171201,20180101,0136000,2014
22520,0,"FLORENCE-MUSCLE SHOALS, AL",203B,S,0148000,0294515,0377075,0455800,0566425,AL,033,ALABAMA,COLBERT,20171201,20180101,0154000,2015
99999,0,NON-METRO,203B,S,0074000,0294515,0377075,0455800,0566425,AL,035,ALABAMA,CONECUH,20171201,20180101,0078000,2010
45180,0,"TALLADEGA-SYLACAUGA, AL",203B,S,0086000,0294515,0377075,0455800,0566425,AL,037,ALABAMA,COOSA,20171201,20180101,0158000,2009
99999,0,NON-METRO,203B,S,0061000,0294515,0377075,0455800,0566425,AL,039,ALABAMA,COVINGTON,20171201,20180101,0082000,2010
99999,0,NON-METRO,203B,S,0074000,0294515,0377075,0455800,0566425,AL,041,ALABAMA,CRENSHAW,20171201,20180101,0074000,2017
18980,0,"CULLMAN, AL",203B,S,0100000,0294515,0377075,0455800,0566425,AL,043,ALABAMA,CULLMAN,20171201,20180101,0114000,2008
37120,0,"OZARK, AL",203B,S,0080000,0294515,0377075,0455800,0566425,AL,045,ALABAMA,DALE,20171201,20180101,0118000,2013
42820,0,"SELMA, AL",203B,S,0085000,0294515,0377075,0455800,0566425,AL,047,ALABAMA,DALLAS,20171201,20180101,0097000,2010
22840,0,"FORT PAYNE, AL",203B,S,0105000,0294515,0377075,0455800,0566425,AL,049,ALABAMA,DEKALB,20171201,20180101,0107000,2014
33860,0,"MONTGOMERY, AL",203B,S,0145000,0294515,0377075,0455800,0566425,AL,051,ALABAMA,ELMORE,20171201,20180101,0172000,2011
12120,0,"ATMORE, AL",203B,S,0098000,0294515,0377075,0455800,0566425,AL,053,ALABAMA,ESCAMBIA,20171201,20180101,0102000,2016
23460,0,"GADSDEN, AL",203B,S,0107000,0294515,0377075,0455800,0566425,AL,055,ALABAMA,ETOWAH,20171201,20180101,0116000,2009
99999,0,NON-METRO,203B,S,0079000,0294515,0377075,0455800,0566425,AL,057,ALABAMA,FAYETTE,20171201,20180101,0111000,2010
99999,0,NON-METRO,203B,S,0065000,0294515,0377075,0455800,0566425,AL,059,ALABAMA,FRANKLIN,20171201,20180101,0092000,2010
20020,0,"DOTHAN, AL",203B,S,0123000,0294515,0377075,0455800,0566425,AL,061,ALABAMA,GENEVA,20171201,20180101,0171000,2011
99999,0,NON-METRO,203B,S,0073000,0294515,0377075,0455800,0566425,AL,063,ALABAMA,GREENE,20171201,20180101,0081000,2008
46220,0,"TUSCALOOSA, AL",203B,H,0141000,0331200,0424000,0512500,0636900,AL,065,ALABAMA,HALE,20171201,20160101,0288000,2015
20020,0,"DOTHAN, AL",203B,S,0123000,0294515,0377075,0455800,0566425,AL,067,ALABAMA,HENRY,20171201,20180101,0171000,2011
20020,0,"DOTHAN, AL",203B,S,0123000,0294515,0377075,0455800,0566425,AL,069,ALABAMA,HOUSTON,20171201,20180101,0171000,2011
42460,0,"SCOTTSBORO, AL",203B,S,0104000,0294515,0377075,0455800,0566425,AL,071,ALABAMA,JACKSON,20171201,20180101,0104000,2016
13820,0,"BIRMINGHAM-HOOVER, AL",203B,S,0190000,0294515,0377075,0455800,0566425,AL,073,ALABAMA,JEFFERSON,20171201,20180101,0190000,2017
99999,0,NON-METRO,203B,S,0071000,0294515,0377075,0455800,0566425,AL,075,ALABAMA,LAMAR,20171201,20180101,0096000,2010
22520,0,"FLORENCE-MUSCLE SHOALS, AL",203B,S,0148000,0294515,0377075,0455800,0566425,AL,077,ALABAMA,LAUDERDALE,20171201,20180101,0154000,2015
19460,0,"DECATUR, AL",203B,S,0106000,0294515,0377075,0455800,0566425,AL,079,ALABAMA,LAWRENCE,20171201,20180101,0156000,2015
12220,0,"AUBURN-OPELIKA, AL",203B,S,0197000,0294515,0377075,0455800,0566425,AL,081,ALABAMA,LEE,20171201,20180101,0197000,2017
26620,0,"HUNTSVILLE, AL",203B,S,0160000,0294515,0377075,0455800,0566425,AL,083,ALABAMA,LIMESTONE,20171201,20180101,0195000,2008
33860,0,"MONTGOMERY, AL",203B,S,0145000,0294515,0377075,0455800,0566425,AL,085,ALABAMA,LOWNDES,20171201,20180101,0172000,2011
99999,0,NON-METRO,203B,S,0078000,0294515,0377075,0455800,0566425,AL,087,ALABAMA,MACON,20171201,20180101,0108000,2010
26620,0,"HUNTSVILLE, AL",203B,S,0160000,0294515,0377075,0455800,0566425,AL,089,ALABAMA,MADISON,20171201,20180101,0195000,2008
99999,0,NON-METRO,203B,S,0095000,0294515,0377075,0455800,0566425,AL,091,ALABAMA,MARENGO,20171201,20180101,0103000,2015
99999,0,NON-METRO,203B,S,0085000,0294515,0377075,0455800,0566425,AL,093,ALABAMA,MARION,20171201,20180101,0099000,2015
10700,0,"ALBERTVILLE, AL",203B,S,0091000,0294515,0377075,0455800,0566425,AL,095,ALABAMA,MARSHALL,20171201,20180101,0101000,2009
33660,0,"MOBILE, AL",203B,S,0092000,0294515,0377075,0455800,0566425,AL,097,ALABAMA,MOBILE,20171201,20180101,0145000,2008
99999,0,NON-METRO,203B,S,0050000,0294515,0377075,0455800,0566425,AL,099,ALABAMA,MONROE,20171201,20180101,0107000,2010
33860,0,"MONTGOMERY, AL",203B,S,0145000,0294515,0377075,0455800,0566425,AL,101,ALABAMA,MONTGOMERY,20171201,20180101,0172000,2011
19460,0,"DECATUR, AL",203B,S,0106000,0294515,0377075,0455800,0566425,AL,103,ALABAMA,MORGAN,20171201,20180101,0156000,2015
99999,0,NON-METRO,203B,S,0070000,0294515,0377075,0455800,0566425,AL,105,ALABAMA,PERRY,20171201,20180101,0076000,2016
46220,0,"TUSCALOOSA, AL",203B,H,0141000,0331200,0424000,0512500,0636900,AL,107,ALABAMA,PICKENS,20171201,20160101,0288000,2015
45980,0,"TROY, AL",203B,S,0110000,0294515,0377075,0455800,0566425,AL,109,ALABAMA,PIKE,20171201,20180101,0112000,2010
99999,0,NON-METRO,203B,S,0090000,0294515,0377075,0455800,0566425,AL,111,ALABAMA,RANDOLPH,20171201,20180101,0092000,2016
17980,0,"COLUMBUS, GA-AL",203B,S,0189000,0294515,0377075,0455800,0566425,AL,113,ALABAMA,RUSSELL,20171201,20180101,0252000,2009
13820,0,"BIRMINGHAM-HOOVER, AL",203B,S,0190000,0294515,0377075,0455800,0566425,AL,115,ALABAMA,ST. CLAIR,20171201,20180101,0190000,2017
13820,0,"BIRMINGHAM-HOOVER, AL",203B,S,0190000,0294515,0377075,0455800,0566425,AL,117,ALABAMA,SHELBY,20171201,20180101,0190000,2017
99999,0,NON-METRO,203B,S,0077000,0294515,0377075,0455800,0566425,AL,119,ALABAMA,SUMTER,20171201,20180101,0077000,2017
45180,0,"TALLADEGA-SYLACAUGA, AL",203B,S,0086000,0294515,0377075,0455800,0566425,AL,121,ALABAMA,TALLADEGA,20171201,20180101,0158000,2009
10760,0,"ALEXANDER CITY, AL",203B,S,0108000,0294515,0377075,0455800,0566425,AL,123,ALABAMA,TALLAPOOSA,20171201,20180101,0195000,2016
46220,0,"TUSCALOOSA, AL",203B,H,0141000,0331200,0424000,0512500,0636900,AL,125,ALABAMA,TUSCALOOSA,20171201,20160101,0288000,2015
13820,0,"BIRMINGHAM-HOOVER, AL",203B,S,0190000,0294515,0377075,0455800,0566425,AL,127,ALABAMA,WALKER,20171201,20180101,0190000,2017
99999,0,NON-METRO,203B,S,0090000,0294515,0377075,0455800,0566425,AL,129,ALABAMA,WASHINGTON,20171201,20180101,0105000,2010
99999,0,NON-METRO,203B,S,0085000,0294515,0377075,0455800,0566425,AL,131,ALABAMA,WILCOX,20171201,20180101,0094000,2010
99999,0,NON-METRO,203B,S,0075000,0294515,0377075,0455800,0566425,AL,133,ALABAMA,WINSTON,20171201,20180101,0088000,2009
99999,0,NON-METRO,203B,S,0080000,0294515,0377075,0455800,0566425,AR,001,ARKANSAS,ARKANSAS,20171201,20180101,0083000,2014
99999,0,NON-METRO,203B,S,0077000,0294515,0377075,0455800,0566425,AR,003,ARKANSAS,ASHLEY,20171201,20180101,0079000,2013
34260,0,"MOUNTAIN HOME, AR",203B,S,0124000,0294515,0377075,0455800,0566425,AR,005,ARKANSAS,BAXTER,20171201,20180101,0124000,2017
22220,0,"FAYETTEVILLE-SPRINGDALE-ROGERS, AR-MO",203B,S,0175000,0294515,0377075,0455800,0566425,AR,007,ARKANSAS,BENTON,20171201,20180101,0175000,2017
25460,0,"HARRISON, AR",203B,S,0100000,0294515,0377075,0455800,0566425,AR,009,ARKANSAS,BOONE,20171201,20180101,0105000,2015
99999,0,NON-METRO,203B,S,0054000,0294515,0377075,0455800,0566425,AR,011,ARKANSAS,BRADLEY,20171201,20180101,0064000,2008
15780,0,"CAMDEN, AR",203B,S,0078000,0294515,0377075,0455800,0566425,AR,013,ARKANSAS,CALHOUN,20171201,20180101,0173000,2009
99999,0,NON-METRO,203B,S,0118000,0294515,0377075,0455800,0566425,AR,015,ARKANSAS,CARROLL,20171201,20180101,0138000,2010
99999,0,NON-METRO,203B,S,0055000,0294515,0377075,0455800,0566425,AR,017,ARKANSAS,CHICOT,20171201,20180101,0119000,2008
11660,0,"ARKADELPHIA, AR",203B,S,0077000,0294515,0377075,0455800,0566425,AR,019,ARKANSAS,CLARK,20171201,20180101,0095000,2008
99999,0,NON-METRO,203B,S,0045000,0294515,0377075,0455800,0566425,AR,021,ARKANSAS,CLAY,20171201,20180101,0072000,2014
99999,0,NON-METRO,203B,S,0119000,0294515,0377075,0455800,0566425,AR,023,ARKANSAS,CLEBURNE,20171201,20180101,0119000,2017
38220,0,"PINE BLUFF, AR",203B,S,0059000,0294515,0377075,0455800,0566425,AR,025,ARKANSAS,CLEVELAND,20171201,20180101,0094000,2009
31620,0,"MAGNOLIA, AR",203B,S,0108000,0294515,0377075,0455800,0566425,AR,027,ARKANSAS,COLUMBIA,20171201,20180101,0110000,2009
99999,0,NON-METRO,203B,S,0076000,0294515,0377075,0455800,0566425,AR,029,ARKANSAS,CONWAY,20171201,20180101,0102000,2009
27860,0,"JONESBORO, AR",203B,S,0134000,0294515,0377075,0455800,0566425,AR,031,ARKANSAS,CRAIGHEAD,20171201,20180101,0134000,2017
22900,0,"FORT SMITH, AR-OK",203B,S,0112000,0294515,0377075,0455800,0566425,AR,033,ARKANSAS,CRAWFORD,20171201,20180101,0117000,2009
32820,0,"MEMPHIS, TN-MS-AR",203B,S,0180000,0294515,0377075,0455800,0566425,AR,035,ARKANSAS,CRITTENDEN,20171201,20180101,0180000,2017
99999,0,NON-METRO,203B,S,0090000,0294515,0377075,0455800,0566425,AR,037,ARKANSAS,CROSS,20171201,20180101,0099000,2008
99999,0,NON-METRO,203B,S,0050000,0294515,0377075,0455800,0566425,AR,039,ARKANSAS,DALLAS,20171201,20180101,0083000,2008
99999,0,NON-METRO,203B,S,0053000,0294515,0377075,0455800,0566425,AR,041,ARKANSAS,DESHA,20171201,20180101,0057000,2012
99999,0,NON-METRO,203B,S,0096000,0294515,0377075,0455800,0566425,AR,043,ARKANSAS,DREW,20171201,20180101,0096000,2017
30780,0,"LITTLE ROCK-NORTH LITTLE ROCK-CONWAY, A",203B,S,0155000,0294515,0377075,0455800,0566425,AR,045,ARKANSAS,FAULKNER,20171201,20180101,0168000,2009
99999,0,NON-METRO,203B,S,0051000,0294515,0377075,0455800,0566425,AR,047,ARKANSAS,FRANKLIN,20171201,20180101,0124000,2016
99999,0,NON-METRO,203B,S,0057000,0294515,0377075,0455800,0566425,AR,049,ARKANSAS,FULTON,20171201,20180101,0100000,2014
26300,0,"HOT SPRINGS, AR",203B,S,0128000,0294515,0377075,0455800,0566425,AR,051,ARKANSAS,GARLAND,20171201,20180101,0144000,2009
30780,0,"LITTLE ROCK-NORTH LITTLE ROCK-CONWAY, A",203B,S,0155000,0294515,0377075,0455800,0566425,AR,053,ARKANSAS,GRANT,20171201,20180101,0168000,2009
37500,0,"PARAGOULD, AR",203B,S,0100000,0294515,0377075,0455800,0566425,AR,055,ARKANSAS,GREENE,20171201,20180101,0100000,2016
26260,0,"HOPE, AR",203B,S,0048000,0294515,0377075,0455800,0566425,AR,057,ARKANSAS,HEMPSTEAD,20171201,20180101,0070000,2011
31680,0,"MALVERN, AR",203B,S,0072000,0294515,0377075,0455800,0566425,AR,059,ARKANSAS,HOT SPRING,20171201,20180101,0091000,2013
99999,0,NON-METRO,203B,S,0082000,0294515,0377075,0455800,0566425,AR,061,ARKANSAS,HOWARD,20171201,20180101,0082000,2017
12900,0,"BATESVILLE, AR",203B,S,0080000,0294515,0377075,0455800,0566425,AR,063,ARKANSAS,INDEPENDENCE,20171201,20180101,0097000,2008
99999,0,NON-METRO,203B,S,0059000,0294515,0377075,0455800,0566425,AR,065,ARKANSAS,IZARD,20171201,20180101,0078000,2011
99999,0,NON-METRO,203B,S,0041000,0294515,0377075,0455800,0566425,AR,067,ARKANSAS,JACKSON,20171201,20180101,0066000,2008
38220,0,"PINE BLUFF, AR",203B,S,0059000,0294515,0377075,0455800,0566425,AR,069,ARKANSAS,JEFFERSON,20171201,20180101,0094000,2009
99999,0,NON-METRO,203B,S,0070000,0294515,0377075,0455800,0566425,AR,071,ARKANSAS,JOHNSON,20171201,20180101,0090000,2015
99999,0,NON-METRO,203B,S,0064000,0294515,0377075,0455800,0566425,AR,073,ARKANSAS,LAFAYETTE,20171201,20180101,0064000,2012
99999,0,NON-METRO,203B,S,0049000,0294515,0377075,0455800,0566425,AR,075,ARKANSAS,LAWRENCE,20171201,20180101,0058000,2008
99999,0,NON-METRO,203B,S,0049000,0294515,0377075,0455800,0566425,AR,077,ARKANSAS,LEE,20171201,20180101,0054000,2014
38220,0,"PINE BLUFF, AR",203B,S,0059000,0294515,0377075,0455800,0566425,AR,079,ARKANSAS,LINCOLN,20171201,20180101,0094000,2009
45500,0,"TEXARKANA, TX-AR",203B,S,0137000,0294515,0377075,0455800,0566425,AR,081,ARKANSAS,LITTLE RIVER,20171201,20180101,0137000,2014
99999,0,NON-METRO,203B,S,0055000,0294515,0377075,0455800,0566425,AR,083,ARKANSAS,LOGAN,20171201,20180101,0084000,2015
30780,0,"LITTLE ROCK-NORTH LITTLE ROCK-CONWAY, A",203B,S,0155000,0294515,0377075,0455800,0566425,AR,085,ARKANSAS,LONOKE,20171201,20180101,0168000,2009
22220,0,"FAYETTEVILLE-SPRINGDALE-ROGERS, AR-MO",203B,S,0175000,0294515,0377075,0455800,0566425,AR,087,ARKANSAS,MADISON,20171201,20180101,0175000,2017
99999,0,NON-METRO,203B,S,0075000,0294515,0377075,0455800,0566425,AR,089,ARKANSAS,MARION,20171201,20180101,0100000,2016
45500,0,"TEXARKANA, TX-AR",203B,S,0137000,0294515,0377075,0455800,0566425,AR,091,ARKANSAS,MILLER,20171201,20180101,0137000,2014
14180,0,"BLYTHEVILLE, AR",203B,S,0095000,0294515,0377075,0455800,0566425,AR,093,ARKANSAS,MISSISSIPPI,20171201,20180101,0095000,2017
99999,0,NON-METRO,203B,S,0032000,0294515,0377075,0455800,0566425,AR,095,ARKANSAS,MONROE,20171201,20180101,0060000,2013
99999,0,NON-METRO,203B,S,0060000,0294515,0377075,0455800,0566425,AR,097,ARKANSAS,MONTGOMERY,20171201,20180101,0077000,2013
26260,0,"HOPE, AR",203B,S,0048000,0294515,0377075,0455800,0566425,AR,099,ARKANSAS,NEVADA,20171201,20180101,0067000,2014
25460,0,"HARRISON, AR",203B,S,0100000,0294515,0377075,0455800,0566425,AR,101,ARKANSAS,NEWTON,20171201,20180101,0105000,2015
15780,0,"CAMDEN, AR",203B,S,0078000,0294515,0377075,0455800,0566425,AR,103,ARKANSAS,OUACHITA,20171201,20180101,0173000,2009
30780,0,"LITTLE ROCK-NORTH LITTLE ROCK-CONWAY, A",203B,S,0155000,0294515,0377075,0455800,0566425,AR,105,ARKANSAS,PERRY,20171201,20180101,0168000,2009
25760,0,"HELENA-WEST HELENA, AR",203B,S,0035000,0294515,0377075,0455800,0566425,AR,107,ARKANSAS,PHILLIPS,20171201,20180101,0065000,2013
99999,0,NON-METRO,203B,S,0077000,0294515,0377075,0455800,0566425,AR,109,ARKANSAS,PIKE,20171201,20180101,0079000,2014
27860,0,"JONESBORO, AR",203B,S,0134000,0294515,0377075,0455800,0566425,AR,111,ARKANSAS,POINSETT,20171201,20180101,0134000,2017
99999,0,NON-METRO,203B,S,0080000,0294515,0377075,0455800,0566425,AR,113,ARKANSAS,POLK,20171201,20180101,0083000,2008
40780,0,"RUSSELLVILLE, AR",203B,S,0108000,0294515,0377075,0455800,0566425,AR,115,ARKANSAS,POPE,20171201,20180101,0111000,2013
99999,0,NON-METRO,203B,S,0052000,0294515,0377075,0455800,0566425,AR,117,ARKANSAS,PRAIRIE,20171201,20180101,0096000,2013
30780,0,"LITTLE ROCK-NORTH LITTLE ROCK-CONWAY, A",203B,S,0155000,0294515,0377075,0455800,0566425,AR,119,ARKANSAS,PULASKI,20171201,20180101,0168000,2009
99999,0,NON-METRO,203B,S,0054000,0294515,0377075,0455800,0566425,AR,121,ARKANSAS,RANDOLPH,20171201,20180101,0075000,2016
22620,0,"FORREST CITY, AR",203B,S,0060000,0294515,0377075,0455800,0566425,AR,123,ARKANSAS,ST. FRANCIS,20171201,20180101,0060000,2017
30780,0,"LITTLE ROCK-NORTH LITTLE ROCK-CONWAY, AR",203B,S,0155000,0294515,0377075,0455800,0566425,AR,125,ARKANSAS,SALINE,20171201,20180101,0168000,2009
99999,0,NON-METRO,203B,S,0065000,0294515,0377075,0455800,0566425,AR,127,ARKANSAS,SCOTT,20171201,20180101,0065000,2017
99999,0,NON-METRO,203B,S,0060000,0294515,0377075,0455800,0566425,AR,129,ARKANSAS,SEARCY,20171201,20180101,0068000,2010
22900,0,"FORT SMITH, AR-OK",203B,S,0112000,0294515,0377075,0455800,0566425,AR,131,ARKANSAS,SEBASTIAN,20171201,20180101,0117000,2009
99999,0,NON-METRO,203B,S,0071000,0294515,0377075,0455800,0566425,AR,133,ARKANSAS,SEVIER,20171201,20180101,0072000,2008
99999,0,NON-METRO,203B,S,0058000,0294515,0377075,0455800,0566425,AR,135,ARKANSAS,SHARP,20171201,20180101,0063000,2008
99999,0,NON-METRO,203B,S,0070000,0294515,0377075,0455800,0566425,AR,137,ARKANSAS,STONE,20171201,20180101,0096000,2013
20980,0,"EL DORADO, AR",203B,S,0087000,0294515,0377075,0455800,0566425,AR,139,ARKANSAS,UNION,20171201,20180101,0115000,2009
99999,0,NON-METRO,203B,S,0062000,0294515,0377075,0455800,0566425,AR,141,ARKANSAS,VAN BUREN,20171201,20180101,0080000,2009
22220,0,"FAYETTEVILLE-SPRINGDALE-ROGERS, AR-MO",203B,S,0175000,0294515,0377075,0455800,0566425,AR,143,ARKANSAS,WASHINGTON,20171201,20180101,0175000,2017
42620,0,"SEARCY, AR",203B,S,0099000,0294515,0377075,0455800,0566425,AR,145,ARKANSAS,WHITE,20171201,20180101,0119000,2009
99999,0,NON-METRO,203B,S,0030000,0294515,0377075,0455800,0566425,AR,147,ARKANSAS,WOODRUFF,20171201,20180101,0066000,2013
40780,0,"RUSSELLVILLE, AR",203B,S,0108000,0294515,0377075,0455800,0566425,AR,149,ARKANSAS,YELL,20171201,20180101,0111000,2013
99999,0,NON-METRO,203B,S,0087000,0294515,0377075,0455800,0566425,AS,010,AMERICAN SAMOA,EASTERN DISTRIC,20171201,20180101,0122000,2008
99999,0,NON-METRO,203B,S,0074000,0294515,0377075,0455800,0566425,AS,020,AMERICAN SAMOA,MANU'A DISTRICT,20171201,20180101,0230000,2008
99999,0,NON-METRO,203B,S,0087000,0294515,0377075,0455800,0566425,AS,030,AMERICAN SAMOA,ROSE ISLAND,20171201,20180101,0128000,2008
99999,0,NON-METRO,203B,S,0024000,0294515,0377075,0455800,0566425,AS,040,AMERICAN SAMOA,SWAINS ISLAND,20171201,20180101,0062000,2008
99999,0,NON-METRO,203B,S,0090000,0294515,0377075,0455800,0566425,AS,050,AMERICAN SAMOA,WESTERN DISTRIC,20171201,20180101,0125000,2008
99999,0,NON-METRO,203B,S,0080000,0294515,0377075,0455800,0566425,AZ,001,ARIZONA,APACHE,20171201,20180101,0150000,2008
43420,0,"SIERRA VISTA-DOUGLAS, AZ",203B,S,0123000,0294515,0377075,0455800,0566425,AZ,003,ARIZONA,COCHISE,20171201,20180101,0176000,2009
22380,0,"FLAGSTAFF, AZ",203B,H,0278000,0362250,0463750,0560550,0696650,AZ,005,ARIZONA,COCONINO,20171201,20140101,0315000,2008
37740,0,"PAYSON, AZ",203B,S,0169000,0294515,0377075,0455800,0566425,AZ,007,ARIZONA,GILA,20171201,20180101,0185000,2008
40940,0,"SAFFORD, AZ",203B,S,0140000,0294515,0377075,0455800,0566425,AZ,009,ARIZONA,GRAHAM,20171201,20180101,0163000,2008
99999,0,NON-METRO,203B,S,0124000,0294515,0377075,0455800,0566425,AZ,011,ARIZONA,GREENLEE,20171201,20180101,0124000,2017
99999,0,NON-METRO,203B,S,0070000,0294515,0377075,0455800,0566425,AZ,012,ARIZONA,LA PAZ,20171201,20180101,0091000,2009
38060,0,"PHOENIX-MESA-SCOTTSDALE, AZ",203B,S,0255000,0294515,0377075,0455800,0566425,AZ,013,ARIZONA,MARICOPA,20171201,20180101,0255000,2017
29420,0,"LAKE HAVASU CITY-KINGMAN, AZ",203B,S,0141000,0294515,0377075,0455800,0566425,AZ,015,ARIZONA,MOHAVE,20171201,20180101,0165000,2008
43320,0,"SHOW LOW, AZ",203B,S,0134000,0294515,0377075,0455800,0566425,AZ,017,ARIZONA,NAVAJO,20171201,20180101,0181000,2008
46060,0,"TUCSON, AZ",203B,S,0195000,0294515,0377075,0455800,0566425,AZ,019,ARIZONA,PIMA,20171201,20180101,0208000,2008
38060,0,"PHOENIX-MESA-SCOTTSDALE, AZ",203B,S,0255000,0294515,0377075,0455800,0566425,AZ,021,ARIZONA,PINAL,20171201,20180101,0255000,2017
35700,0,"NOGALES, AZ",203B,S,0135000,0294515,0377075,0455800,0566425,AZ,023,ARIZONA,SANTA CRUZ,20171201,20180101,0157000,2008
39140,0,"PRESCOTT, AZ",203B,S,0237000,0294515,0377075,0455800,0566425,AZ,025,ARIZONA,YAVAPAI,20171201,20180101,0237000,2017
49740,0,"YUMA, AZ",203B,S,0131000,0294515,0377075,0455800,0566425,AZ,027,ARIZONA,YUMA,20171201,20180101,0150000,2008
41860,36084,"SAN FRANCISCO-OAKLAND-HAYWARD, CA",203B,H,1250000,0679650,0870225,1051875,1307175,CA,001,CALIFORNIA,ALAMEDA,20171201,20180101,1250000,2017
99999,0,NON-METRO,203B,H,0182000,0463450,0593300,0717150,0891250,CA,003,CALIFORNIA,ALPINE,20171201,20140101,0403000,2008
99999,0,NON-METRO,203B,H,0270000,0332350,0425450,0514300,0639150,CA,005,CALIFORNIA,AMADOR,20171201,20140101,0289000,2008
17020,0,"CHICO, CA",203B,S,0243000,0294515,0377075,0455800,0566425,CA,007,CALIFORNIA,BUTTE,20171201,20180101,0255000,2008
99999,0,NON-METRO,203B,H,0259000,0373750,0478450,0578350,0718750,CA,009,CALIFORNIA,CALAVERAS,20171201,20140101,0325000,2008
99999,0,NON-METRO,203B,S,0218000,0294515,0377075,0455800,0566425,CA,011,CALIFORNIA,COLUSA,20171201,20180101,0218000,2017
41860,36084,"SAN FRANCISCO-OAKLAND-HAYWARD, CA",203B,H,1250000,0679650,0870225,1051875,1307175,CA,013,CALIFORNIA,CONTRA COSTA,20171201,20180101,1250000,2017
18860,0,"CRESCENT CITY, CA",203B,S,0168000,0294515,0377075,0455800,0566425,CA,015,CALIFORNIA,DEL NORTE,20171201,20180101,0200000,2008
40900,0,"SACRAMENTO--ROSEVILLE--ARDEN-ARCADE, CA",203B,H,0450000,0517500,0662500,0800800,0995200,CA,017,CALIFORNIA,EL DORADO,20171201,20180101,0450000,2017
23420,0,"FRESNO, CA",203B,S,0252000,0294515,0377075,0455800,0566425,CA,019,CALIFORNIA,FRESNO,20171201,20180101,0252000,2017
99999,0,NON-METRO,203B,S,0187000,0294515,0377075,0455800,0566425,CA,021,CALIFORNIA,GLENN,20171201,20180101,0197000,2008
21700,0,"EUREKA-ARCATA-FORTUNA, CA",203B,H,0283000,0327750,0419550,0507150,0630300,CA,023,CALIFORNIA,HUMBOLDT,20171201,20140101,0285000,2008
20940,0,"EL CENTRO, CA",203B,S,0205000,0294515,0377075,0455800,0566425,CA,025,CALIFORNIA,IMPERIAL,20171201,20180101,0220000,2008
99999,0,NON-METRO,203B,H,0295000,0369150,0472550,0571250,0709900,CA,027,CALIFORNIA,INYO,20171201,20140101,0321000,2008
12540,0,"BAKERSFIELD, CA",203B,S,0205000,0294515,0377075,0455800,0566425,CA,029,CALIFORNIA,KERN,20171201,20180101,0225000,2008
25260,0,"HANFORD-CORCORAN, CA",203B,S,0219000,0294515,0377075,0455800,0566425,CA,031,CALIFORNIA,KINGS,20171201,20180101,0219000,2017
17340,0,"CLEARLAKE, CA",203B,S,0175000,0294515,0377075,0455800,0566425,CA,033,CALIFORNIA,LAKE,20171201,20180101,0210000,2008
45000,0,"SUSANVILLE, CA",203B,S,0140000,0294515,0377075,0455800,0566425,CA,035,CALIFORNIA,LASSEN,20171201,20180101,0190000,2008
31080,31084,"LOS ANGELES-LONG BEACH-ANAHEIM, CA",203B,H,0750000,0679650,0870225,1051875,1307175,CA,037,CALIFORNIA,LOS ANGELES,20171201,20180101,0750000,2017
31460,0,"MADERA, CA",203B,S,0220000,0294515,0377075,0455800,0566425,CA,039,CALIFORNIA,MADERA,20171201,20180101,0220000,2008
41860,42034,"SAN FRANCISCO-OAKLAND-HAYWARD, CA",203B,H,1250000,0679650,0870225,1051875,1307175,CA,041,CALIFORNIA,MARIN,20171201,20180101,1250000,2017
99999,0,NON-METRO,203B,H,0210000,0322000,0412200,0498250,0619250,CA,043,CALIFORNIA,MARIPOSA,20171201,20140101,0280000,2008
46380,0,"UKIAH, CA",203B,H,0343000,0394450,0504950,0610400,0758550,CA,045,CALIFORNIA,MENDOCINO,20171201,20180101,0343000,2017
32900,0,"MERCED, CA",203B,S,0245000,0294515,0377075,0455800,0566425,CA,047,CALIFORNIA,MERCED,20171201,20180101,0245000,2017
99999,0,NON-METRO,203B,S,0077000,0294515,0377075,0455800,0566425,CA,049,CALIFORNIA,MODOC,20171201,20180101,0151000,2009
99999,0,NON-METRO,203B,H,0323000,0529000,0677200,0818600,1017300,CA,051,CALIFORNIA,MONO,20171201,20090101,0460000,2008
41500,0,"SALINAS, CA",203B,H,0535000,0615250,0787650,0952050,1183200,CA,053,CALIFORNIA,MONTEREY,20171201,20180101,0535000,2017
34900,0,"NAPA, CA",203B,H,0625000,0679650,0870225,1051875,1307175,CA,055,CALIFORNIA,NAPA,20171201,20180101,0625000,2017
46020,0,"TRUCKEE-GRASS VALLEY, CA",203B,H,0389000,0477250,0610950,0738500,0917800,CA,057,CALIFORNIA,NEVADA,20171201,20140101,0415000,2008
31080,11244,"LOS ANGELES-LONG BEACH-ANAHEIM, CA",203B,H,0750000,0679650,0870225,1051875,1307175,CA,059,CALIFORNIA,ORANGE,20171201,20180101,0750000,2017
40900,0,"SACRAMENTO--ROSEVILLE--ARDEN-ARCADE, CA",203B,H,0450000,0517500,0662500,0800800,0995200,CA,061,CALIFORNIA,PLACER,20171201,20180101,0450000,2017
99999,0,NON-METRO,203B,H,0224000,0336950,0431350,0521400,0648000,CA,063,CALIFORNIA,PLUMAS,20171201,20140101,0293000,2008
40140,0,"RIVERSIDE-SAN BERNARDINO-ONTARIO, CA",203B,H,0353000,0405950,0519700,0628200,0780650,CA,065,CALIFORNIA,RIVERSIDE,20171201,20180101,0353000,2017
40900,0,"SACRAMENTO--ROSEVILLE--ARDEN-ARCADE, CA",203B,H,0450000,0517500,0662500,0800800,0995200,CA,067,CALIFORNIA,SACRAMENTO,20171201,20180101,0450000,2017
41940,0,"SAN JOSE-SUNNYVALE-SANTA CLARA, CA",203B,H,1005000,0679650,0870225,1051875,1307175,CA,069,CALIFORNIA,SAN BENITO,20171201,20180101,1005000,2017
40140,0,"RIVERSIDE-SAN BERNARDINO-ONTARIO, CA",203B,H,0353000,0405950,0519700,0628200,0780650,CA,071,CALIFORNIA,SAN BERNARDINO,20171201,20180101,0353000,2017
41740,0,"SAN DIEGO-CARLSBAD, CA",203B,H,0565000,0649750,0831800,1005450,1249550,CA,073,CALIFORNIA,SAN DIEGO,20171201,20180101,0565000,2017
41860,41884,"SAN FRANCISCO-OAKLAND-HAYWARD, CA",203B,H,1250000,0679650,0870225,1051875,1307175,CA,075,CALIFORNIA,SAN FRANCISCO,20171201,20180101,1250000,2017
44700,0,"STOCKTON-LODI, CA",203B,H,0340000,0391000,0500550,0605050,0751900,CA,077,CALIFORNIA,SAN JOAQUIN,20171201,20180101,0340000,2017
42020,0,SAN LUIS OBISPO-PASO ROBLES-ARROYO GRAN,203B,H,0535000,0615250,0787650,0952050,1183200,CA,079,CALIFORNIA,SAN LUIS OBISPO,20171201,20180101,0535000,2017
41860,41884,"SAN FRANCISCO-OAKLAND-HAYWARD, CA",203B,H,1250000,0679650,0870225,1051875,1307175,CA,081,CALIFORNIA,SAN MATEO,20171201,20180101,1250000,2017
42200,0,"SANTA MARIA-SANTA BARBARA, CA",203B,H,0499000,0653200,0836200,1010800,1256150,CA,083,CALIFORNIA,SANTA BARBARA,20171201,20180101,0568000,2010
41940,0,"SAN JOSE-SUNNYVALE-SANTA CLARA, CA",203B,H,1005000,0679650,0870225,1051875,1307175,CA,085,CALIFORNIA,SANTA CLARA,20171201,20180101,1005000,2017
42100,0,"SANTA CRUZ-WATSONVILLE, CA",203B,H,0718000,0679650,0870225,1051875,1307175,CA,087,CALIFORNIA,SANTA CRUZ,20171201,20180101,0718000,2017
39820,0,"REDDING, CA",203B,S,0235000,0294515,0377075,0455800,0566425,CA,089,CALIFORNIA,SHASTA,20171201,20180101,0238000,2008
99999,0,NON-METRO,203B,H,0175000,0304750,0390100,0471550,0586050,CA,091,CALIFORNIA,SIERRA,20171201,20100101,0265000,2009
99999,0,NON-METRO,203B,S,0150000,0294515,0377075,0455800,0566425,CA,093,CALIFORNIA,SISKIYOU,20171201,20180101,0185000,2008
46700,0,"VALLEJO-FAIRFIELD, CA",203B,H,0400000,0460000,0588850,0711800,0884600,CA,095,CALIFORNIA,SOLANO,20171201,20180101,0400000,2017
42220,0,"SANTA ROSA, CA",203B,H,0564000,0648600,0830300,1003650,1247300,CA,097,CALIFORNIA,SONOMA,20171201,20180101,0564000,2017
33700,0,"MODESTO, CA",203B,H,0280000,0322000,0412200,0498250,0619250,CA,099,CALIFORNIA,STANISLAUS,20171201,20180101,0280000,2017
49700,0,"YUBA CITY, CA",203B,H,0260000,0299000,0382750,0462650,0575000,CA,101,CALIFORNIA,SUTTER,20171201,20180101,0260000,2017
39780,0,"RED BLUFF, CA",203B,S,0170000,0294515,0377075,0455800,0566425,CA,103,CALIFORNIA,TEHAMA,20171201,20180101,0200000,2008
99999,0,NON-METRO,203B,S,0185000,0294515,0377075,0455800,0566425,CA,105,CALIFORNIA,TRINITY,20171201,20180101,0200000,2008
47300,0,"VISALIA-PORTERVILLE, CA",203B,S,0215000,0294515,0377075,0455800,0566425,CA,107,CALIFORNIA,TULARE,20171201,20180101,0215000,2017
43760,0,"SONORA, CA",203B,H,0250000,0331200,0424000,0512500,0636900,CA,109,CALIFORNIA,TUOLUMNE,20171201,20140101,0288000,2008
37100,0,"OXNARD-THOUSAND OAKS-VENTURA, CA",203B,H,0585000,0672750,0861250,1041050,1293750,CA,111,CALIFORNIA,VENTURA,20171201,20180101,0585000,2017
40900,0,"SACRAMENTO--ROSEVILLE--ARDEN-ARCADE, CA",203B,H,0450000,0517500,0662500,0800800,0995200,CA,113,CALIFORNIA,YOLO,20171201,20180101,0450000,2017
49700,0,"YUBA CITY, CA",203B,H,0260000,0299000,0382750,0462650,0575000,CA,115,CALIFORNIA,YUBA,20171201,20180101,0260000,2017
19740,0,"DENVER-AURORA-LAKEWOOD, CO",203B,H,0460000,0529000,0677200,0818600,1017300,CO,001,COLORADO,ADAMS,20171201,20180101,0460000,2017
99999,0,NON-METRO,203B,S,0150000,0294515,0377075,0455800,0566425,CO,003,COLORADO,ALAMOSA,20171201,20180101,0162000,2008
19740,0,"DENVER-AURORA-LAKEWOOD, CO",203B,H,0460000,0529000,0677200,0818600,1017300,CO,005,COLORADO,ARAPAHOE,20171201,20180101,0460000,2017
99999,0,NON-METRO,203B,S,0239000,0294515,0377075,0455800,0566425,CO,007,COLORADO,ARCHULETA,20171201,20180101,0248000,2008
99999,0,NON-METRO,203B,S,0055000,0294515,0377075,0455800,0566425,CO,009,COLORADO,BACA,20171201,20180101,0074000,2009
99999,0,NON-METRO,203B,S,0049000,0294515,0377075,0455800,0566425,CO,011,COLORADO,BENT,20171201,20180101,0102000,2009
14500,0,"BOULDER, CO",203B,H,0503000,0578450,0740500,0895100,1112400,CO,013,COLORADO,BOULDER,20171201,20180101,0503000,2017
19740,0,"DENVER-AURORA-LAKEWOOD, CO",203B,H,0460000,0529000,0677200,0818600,1017300,CO,014,COLORADO,BROOMFIELD,20171201,20180101,0460000,2017
99999,0,NON-METRO,203B,H,0262000,0301300,0385700,0466250,0579400,CO,015,COLORADO,CHAFFEE,20171201,20180101,0262000,2017
99999,0,NON-METRO,203B,S,0053000,0294515,0377075,0455800,0566425,CO,017,COLORADO,CHEYENNE,20171201,20180101,0116000,2009
19740,0,"DENVER-AURORA-LAKEWOOD, CO",203B,H,0460000,0529000,0677200,0818600,1017300,CO,019,COLORADO,CLEAR CREEK,20171201,20180101,0460000,2017
99999,0,NON-METRO,203B,S,0072000,0294515,0377075,0455800,0566425,CO,021,COLORADO,CONEJOS,20171201,20180101,0094000,2014
99999,0,NON-METRO,203B,S,0111000,0294515,0377075,0455800,0566425,CO,023,COLORADO,COSTILLA,20171201,20180101,0111000,2017
99999,0,NON-METRO,203B,S,0044000,0294515,0377075,0455800,0566425,CO,025,COLORADO,CROWLEY,20171201,20180101,0094000,2009
99999,0,NON-METRO,203B,S,0170000,0294515,0377075,0455800,0566425,CO,027,COLORADO,CUSTER,20171201,20180101,0227000,2009
99999,0,NON-METRO,203B,S,0170000,0294515,0377075,0455800,0566425,CO,029,COLORADO,DELTA,20171201,20180101,0177000,2008
19740,0,"DENVER-AURORA-LAKEWOOD, CO",203B,H,0460000,0529000,0677200,0818600,1017300,CO,031,COLORADO,DENVER,20171201,20180101,0460000,2017
99999,0,NON-METRO,203B,S,0144000,0294515,0377075,0455800,0566425,CO,033,COLORADO,DOLORES,20171201,20180101,0145000,2009
19740,0,"DENVER-AURORA-LAKEWOOD, CO",203B,H,0460000,0529000,0677200,0818600,1017300,CO,035,COLORADO,DOUGLAS,20171201,20180101,0460000,2017
20780,0,"EDWARDS, CO",203B,H,0535000,0679650,0870225,1051875,1307175,CO,037,COLORADO,EAGLE,20171201,20180101,0710000,2008
19740,0,"DENVER-AURORA-LAKEWOOD, CO",203B,H,0460000,0529000,0677200,0818600,1017300,CO,039,COLORADO,ELBERT,20171201,20180101,0460000,2017
17820,0,"COLORADO SPRINGS, CO",203B,H,0265000,0304750,0390100,0471550,0586050,CO,041,COLORADO,EL PASO,20171201,20180101,0265000,2017
15860,0,"CANON CITY, CO",203B,S,0156000,0294515,0377075,0455800,0566425,CO,043,COLORADO,FREMONT,20171201,20180101,0156000,2017
24060,0,"GLENWOOD SPRINGS, CO",203B,H,0695000,0679650,0870225,1051875,1307175,CO,045,COLORADO,GARFIELD,20171201,20180101,1900000,2009
19740,0,"DENVER-AURORA-LAKEWOOD, CO",203B,H,0460000,0529000,0677200,0818600,1017300,CO,047,COLORADO,GILPIN,20171201,20180101,0460000,2017
99999,0,NON-METRO,203B,H,0325000,0373750,0478450,0578350,0718750,CO,049,COLORADO,GRAND,20171201,20180101,0325000,2017
99999,0,NON-METRO,203B,H,0278000,0357650,0457850,0553450,0687800,CO,051,COLORADO,GUNNISON,20171201,20140101,0311000,2008
99999,0,NON-METRO,203B,H,0308000,0427800,0547650,0662000,0822700,CO,053,COLORADO,HINSDALE,20171201,20140101,0372000,2009
99999,0,NON-METRO,203B,S,0092000,0294515,0377075,0455800,0566425,CO,055,COLORADO,HUERFANO,20171201,20180101,0139000,2011
99999,0,NON-METRO,203B,S,0132000,0294515,0377075,0455800,0566425,CO,057,COLORADO,JACKSON,20171201,20180101,0148000,2015
19740,0,"DENVER-AURORA-LAKEWOOD, CO",203B,H,0460000,0529000,0677200,0818600,1017300,CO,059,COLORADO,JEFFERSON,20171201,20180101,0460000,2017
99999,0,NON-METRO,203B,S,0057000,0294515,0377075,0455800,0566425,CO,061,COLORADO,KIOWA,20171201,20180101,0073000,2014
99999,0,NON-METRO,203B,S,0068000,0294515,0377075,0455800,0566425,CO,063,COLORADO,KIT CARSON,20171201,20180101,0125000,2009
99999,0,NON-METRO,203B,S,0193000,0294515,0377075,0455800,0566425,CO,065,COLORADO,LAKE,20171201,20180101,0195000,2009
20420,0,"DURANGO, CO",203B,H,0340000,0391000,0500550,0605050,0751900,CO,067,COLORADO,LA PLATA,20171201,20180101,0340000,2017
22660,0,"FORT COLLINS, CO",203B,H,0350000,0402500,0515250,0622850,0774050,CO,069,COLORADO,LARIMER,20171201,20180101,0350000,2017
99999,0,NON-METRO,203B,S,0088000,0294515,0377075,0455800,0566425,CO,071,COLORADO,LAS ANIMAS,20171201,20180101,0157000,2008
99999,0,NON-METRO,203B,S,0061000,0294515,0377075,0455800,0566425,CO,073,COLORADO,LINCOLN,20171201,20180101,0137000,2008
44540,0,"STERLING, CO",203B,S,0125000,0294515,0377075,0455800,0566425,CO,075,COLORADO,LOGAN,20171201,20180101,0125000,2016
24300,0,"GRAND JUNCTION, CO",203B,S,0215000,0294515,0377075,0455800,0566425,CO,077,COLORADO,MESA,20171201,20180101,0246000,2009
99999,0,NON-METRO,203B,S,0161000,0294515,0377075,0455800,0566425,CO,079,COLORADO,MINERAL,20171201,20180101,0200000,2009
18780,0,"CRAIG, CO",203B,S,0160000,0294515,0377075,0455800,0566425,CO,081,COLORADO,MOFFAT,20171201,20180101,0167000,2008
99999,0,NON-METRO,203B,S,0178000,0294515,0377075,0455800,0566425,CO,083,COLORADO,MONTEZUMA,20171201,20180101,0178000,2017
33940,0,"MONTROSE, CO",203B,S,0205000,0294515,0377075,0455800,0566425,CO,085,COLORADO,MONTROSE,20171201,20180101,0205000,2017
22820,0,"FORT MORGAN, CO",203B,S,0160000,0294515,0377075,0455800,0566425,CO,087,COLORADO,MORGAN,20171201,20180101,0160000,2017
99999,0,NON-METRO,203B,S,0109000,0294515,0377075,0455800,0566425,CO,089,COLORADO,OTERO,20171201,20180101,0109000,2017
99999,0,NON-METRO,203B,H,0287000,0425500,0544700,0658450,0818250,CO,091,COLORADO,OURAY,20171201,20140101,0370000,2009
19740,0,"DENVER-AURORA-LAKEWOOD, CO",203B,H,0460000,0529000,0677200,0818600,1017300,CO,093,COLORADO,PARK,20171201,20180101,0460000,2017
99999,0,NON-METRO,203B,S,0085000,0294515,0377075,0455800,0566425,CO,095,COLORADO,PHILLIPS,20171201,20180101,0112000,2008
24060,0,"GLENWOOD SPRINGS, CO",203B,H,0695000,0679650,0870225,1051875,1307175,CO,097,COLORADO,PITKIN,20171201,20180101,1900000,2009
99999,0,NON-METRO,203B,S,0080000,0294515,0377075,0455800,0566425,CO,099,COLORADO,PROWERS,20171201,20180101,0080000,2017
39380,0,"PUEBLO, CO",203B,S,0155000,0294515,0377075,0455800,0566425,CO,101,COLORADO,PUEBLO,20171201,20180101,0155000,2017
99999,0,NON-METRO,203B,S,0193000,0294515,0377075,0455800,0566425,CO,103,COLORADO,RIO BLANCO,20171201,20180101,0193000,2017
99999,0,NON-METRO,203B,S,0135000,0294515,0377075,0455800,0566425,CO,105,COLORADO,RIO GRANDE,20171201,20180101,0144000,2008
44460,0,"STEAMBOAT SPRINGS, CO",203B,H,0490000,0634800,0812650,0982300,1220800,CO,107,COLORADO,ROUTT,20171201,20170101,0552000,2008
99999,0,NON-METRO,203B,S,0130000,0294515,0377075,0455800,0566425,CO,109,COLORADO,SAGUACHE,20171201,20180101,0145000,2009
99999,0,NON-METRO,203B,S,0226000,0294515,0377075,0455800,0566425,CO,111,COLORADO,SAN JUAN,20171201,20180101,0233000,2014
99999,0,NON-METRO,203B,H,0485000,0679650,0870225,1051875,1307175,CO,113,COLORADO,SAN MIGUEL,20171201,20180101,0909000,2012
99999,0,NON-METRO,203B,S,0070000,0294515,0377075,0455800,0566425,CO,115,COLORADO,SEDGWICK,20171201,20180101,0100000,2009
14720,0,"BRECKENRIDGE, CO",203B,H,0425000,0679650,0870225,1051875,1307175,CO,117,COLORADO,SUMMIT,20171201,20180101,0628000,2008
17820,0,"COLORADO SPRINGS, CO",203B,H,0265000,0304750,0390100,0471550,0586050,CO,119,COLORADO,TELLER,20171201,20180101,0265000,2017
99999,0,NON-METRO,203B,S,0126000,0294515,0377075,0455800,0566425,CO,121,COLORADO,WASHINGTON,20171201,20180101,0127000,2016
24540,0,"GREELEY, CO",203B,H,0312000,0358800,0459300,0555200,0690000,CO,123,COLORADO,WELD,20171201,20180101,0312000,2017
99999,0,NON-METRO,203B,S,0113000,0294515,0377075,0455800,0566425,CO,125,COLORADO,YUMA,20171201,20180101,0123000,2015
14860,0,"BRIDGEPORT-STAMFORD-NORWALK, CT",203B,H,0467000,0601450,0769950,0930700,1156650,CT,001,CONNECTICUT,FAIRFIELD,20171201,20140101,0523000,2011
25540,0,"HARTFORD-WEST HARTFORD-EAST HARTFORD, C",203B,H,0274000,0353050,0451950,0546300,0678950,CT,003,CONNECTICUT,HARTFORD,20171201,20140101,0307000,2009
45860,0,"TORRINGTON, CT",203B,H,0240000,0357650,0457850,0553450,0687800,CT,005,CONNECTICUT,LITCHFIELD,20171201,20140101,0311000,2008
25540,0,"HARTFORD-WEST HARTFORD-EAST HARTFORD, C",203B,H,0274000,0353050,0451950,0546300,0678950,CT,007,CONNECTICUT,MIDDLESEX,20171201,20140101,0307000,2009
35300,0,"NEW HAVEN-MILFORD, CT",203B,H,0243000,0305900,0391600,0473350,0588250,CT,009,CONNECTICUT,NEW HAVEN,20171201,20140101,0266000,2008
35980,0,"NORWICH-NEW LONDON, CT",203B,S,0232000,0294515,0377075,0455800,0566425,CT,011,CONNECTICUT,NEW LONDON,20171201,20180101,0244000,2008
25540,0,"HARTFORD-WEST HARTFORD-EAST HARTFORD, C",203B,H,0274000,0353050,0451950,0546300,0678950,CT,013,CONNECTICUT,TOLLAND,20171201,20140101,0307000,2009
49340,0,"WORCESTER, MA-CT",203B,H,0273000,0313950,0401900,0485800,0603750,CT,015,CONNECTICUT,WINDHAM,20171201,20180101,0273000,2017
47900,47894,"WASHINGTON-ARLINGTON-ALEXANDRIA, DC-VA-",203B,H,0756000,0679650,0870225,1051875,1307175,DC,001,DISTRICT OF COLUMBIA,DISTRICT OF COL,20171201,20180101,0780000,2016
20100,0,"DOVER, DE",203B,S,0220000,0294515,0377075,0455800,0566425,DE,001,DELAWARE,KENT,20171201,20180101,0220000,2008
37980,48864,"PHILADELPHIA-CAMDEN-WILMINGTON, PA-NJ-D",203B,H,0335000,0385250,0493200,0596150,0740850,DE,003,DELAWARE,NEW CASTLE,20171201,20180101,0335000,2017
41540,0,"SALISBURY, MD-DE",203B,H,0270000,0316250,0404850,0489350,0608150,DE,005,DELAWARE,SUSSEX,20171201,20140101,0275000,2008
23540,0,"GAINESVILLE, FL",203B,S,0176000,0294515,0377075,0455800,0566425,FL,001,FLORIDA,ALACHUA,20171201,20180101,0193000,2008
27260,0,"JACKSONVILLE, FL",203B,H,0299000,0343850,0440200,0532100,0661250,FL,003,FLORIDA,BAKER,20171201,20180101,0299000,2017
37460,0,"PANAMA CITY, FL",203B,S,0173000,0294515,0377075,0455800,0566425,FL,005,FLORIDA,BAY,20171201,20180101,0207000,2008
99999,0,NON-METRO,203B,S,0089000,0294515,0377075,0455800,0566425,FL,007,FLORIDA,BRADFORD,20171201,20180101,0101000,2008
37340,0,"PALM BAY-MELBOURNE-TITUSVILLE, FL",203B,S,0178000,0294515,0377075,0455800,0566425,FL,009,FLORIDA,BREVARD,20171201,20180101,0178000,2017
33100,22744,"MIAMI-FORT LAUDERDALE-WEST PALM BEACH,",203B,H,0295000,0345000,0441650,0533850,0663450,FL,011,FLORIDA,BROWARD,20171201,20140101,0300000,2008
99999,0,NON-METRO,203B,S,0050000,0294515,0377075,0455800,0566425,FL,013,FLORIDA,CALHOUN,20171201,20180101,0079000,2009
39460,0,"PUNTA GORDA, FL",203B,S,0172000,0294515,0377075,0455800,0566425,FL,015,FLORIDA,CHARLOTTE,20171201,20180101,0172000,2017
26140,0,"HOMOSASSA SPRINGS, FL",203B,S,0110000,0294515,0377075,0455800,0566425,FL,017,FLORIDA,CITRUS,20171201,20180101,0135000,2008
27260,0,"JACKSONVILLE, FL",203B,H,0299000,0343850,0440200,0532100,0661250,FL,019,FLORIDA,CLAY,20171201,20180101,0299000,2017
34940,0,"NAPLES-IMMOKALEE-MARCO ISLAND, FL",203B,H,0385000,0450800,0577100,0697600,0866950,FL,021,FLORIDA,COLLIER,20171201,20170101,0392000,2016
29380,0,"LAKE CITY, FL",203B,S,0084000,0294515,0377075,0455800,0566425,FL,023,FLORIDA,COLUMBIA,20171201,20180101,0125000,2009
11580,0,"ARCADIA, FL",203B,S,0087000,0294515,0377075,0455800,0566425,FL,027,FLORIDA,DESOTO,20171201,20180101,0110000,2008
99999,0,NON-METRO,203B,S,0050000,0294515,0377075,0455800,0566425,FL,029,FLORIDA,DIXIE,20171201,20180101,0093000,2008
27260,0,"JACKSONVILLE, FL",203B,H,0299000,0343850,0440200,0532100,0661250,FL,031,FLORIDA,DUVAL,20171201,20180101,0299000,2017
37860,0,"PENSACOLA-FERRY PASS-BRENT, FL",203B,S,0189000,0294515,0377075,0455800,0566425,FL,033,FLORIDA,ESCAMBIA,20171201,20180101,0189000,2017
19660,0,"DELTONA-DAYTONA BEACH-ORMOND BEACH, FL",203B,S,0194000,0294515,0377075,0455800,0566425,FL,035,FLORIDA,FLAGLER,20171201,20180101,0194000,2017
99999,0,NON-METRO,203B,S,0135000,0294515,0377075,0455800,0566425,FL,037,FLORIDA,FRANKLIN,20171201,20180101,0213000,2009
45220,0,"TALLAHASSEE, FL",203B,S,0170000,0294515,0377075,0455800,0566425,FL,039,FLORIDA,GADSDEN,20171201,20180101,0180000,2008
23540,0,"GAINESVILLE, FL",203B,S,0176000,0294515,0377075,0455800,0566425,FL,041,FLORIDA,GILCHRIST,20171201,20180101,0193000,2008
99999,0,NON-METRO,203B,S,0060000,0294515,0377075,0455800,0566425,FL,043,FLORIDA,GLADES,20171201,20180101,0086000,2009
37460,0,"PANAMA CITY, FL",203B,S,0173000,0294515,0377075,0455800,0566425,FL,045,FLORIDA,GULF,20171201,20180101,0207000,2008
99999,0,NON-METRO,203B,S,0043000,0294515,0377075,0455800,0566425,FL,047,FLORIDA,HAMILTON,20171201,20180101,0070000,2009
48100,0,"WAUCHULA, FL",203B,S,0054000,0294515,0377075,0455800,0566425,FL,049,FLORIDA,HARDEE,20171201,20180101,0087000,2008
17500,0,"CLEWISTON, FL",203B,S,0074000,0294515,0377075,0455800,0566425,FL,051,FLORIDA,HENDRY,20171201,20180101,0120000,2008
45300,0,"TAMPA-ST. PETERSBURG-CLEARWATER, FL",203B,S,0210000,0294515,0377075,0455800,0566425,FL,053,FLORIDA,HERNANDO,20171201,20180101,0210000,2017
42700,0,"SEBRING, FL",203B,S,0105000,0294515,0377075,0455800,0566425,FL,055,FLORIDA,HIGHLANDS,20171201,20180101,0129000,2008
45300,0,"TAMPA-ST. PETERSBURG-CLEARWATER, FL",203B,S,0210000,0294515,0377075,0455800,0566425,FL,057,FLORIDA,HILLSBOROUGH,20171201,20180101,0210000,2017
99999,0,NON-METRO,203B,S,0052000,0294515,0377075,0455800,0566425,FL,059,FLORIDA,HOLMES,20171201,20180101,0093000,2008
42680,0,"SEBASTIAN-VERO BEACH, FL",203B,S,0215000,0294515,0377075,0455800,0566425,FL,061,FLORIDA,INDIAN RIVER,20171201,20180101,0215000,2017
99999,0,NON-METRO,203B,S,0076000,0294515,0377075,0455800,0566425,FL,063,FLORIDA,JACKSON,20171201,20180101,0110000,2008
45220,0,"TALLAHASSEE, FL",203B,S,0170000,0294515,0377075,0455800,0566425,FL,065,FLORIDA,JEFFERSON,20171201,20180101,0180000,2008
99999,0,NON-METRO,203B,S,0063000,0294515,0377075,0455800,0566425,FL,067,FLORIDA,LAFAYETTE,20171201,20180101,0097000,2009
36740,0,"ORLANDO-KISSIMMEE-SANFORD, FL",203B,S,0253000,0294515,0377075,0455800,0566425,FL,069,FLORIDA,LAKE,20171201,20180101,0253000,2017
15980,0,"CAPE CORAL-FORT MYERS, FL",203B,S,0217000,0294515,0377075,0455800,0566425,FL,071,FLORIDA,LEE,20171201,20180101,0217000,2017
45220,0,"TALLAHASSEE, FL",203B,S,0170000,0294515,0377075,0455800,0566425,FL,073,FLORIDA,LEON,20171201,20180101,0180000,2008
99999,0,NON-METRO,203B,S,0068000,0294515,0377075,0455800,0566425,FL,075,FLORIDA,LEVY,20171201,20180101,0090000,2008
99999,0,NON-METRO,203B,S,0050000,0294515,0377075,0455800,0566425,FL,077,FLORIDA,LIBERTY,20171201,20180101,0100000,2008
99999,0,NON-METRO,203B,S,0039000,0294515,0377075,0455800,0566425,FL,079,FLORIDA,MADISON,20171201,20180101,0095000,2009
35840,0,"NORTH PORT-SARASOTA-BRADENTON, FL",203B,H,0260000,0299000,0382750,0462650,0575000,FL,081,FLORIDA,MANATEE,20171201,20180101,0260000,2017
36100,0,"OCALA, FL",203B,S,0128000,0294515,0377075,0455800,0566425,FL,083,FLORIDA,MARION,20171201,20180101,0151000,2008
38940,0,"PORT ST. LUCIE, FL",203B,H,0275000,0316250,0404850,0489350,0608150,FL,085,FLORIDA,MARTIN,20171201,20140101,0275000,2008
33100,33124,"MIAMI-FORT LAUDERDALE-WEST PALM BEACH,",203B,H,0295000,0345000,0441650,0533850,0663450,FL,086,FLORIDA,MIAMI-DADE,20171201,20140101,0300000,2008
28580,0,"KEY WEST, FL",203B,H,0445000,0529000,0677200,0818600,1017300,FL,087,FLORIDA,MONROE,20171201,20140101,0460000,2008
27260,0,"JACKSONVILLE, FL",203B,H,0299000,0343850,0440200,0532100,0661250,FL,089,FLORIDA,NASSAU,20171201,20180101,0299000,2017
18880,0,"CRESTVIEW-FORT WALTON BEACH-DESTIN, FL",203B,H,0309000,0355350,0454900,0549850,0683350,FL,091,FLORIDA,OKALOOSA,20171201,20180101,0309000,2017
36380,0,"OKEECHOBEE, FL",203B,S,0070000,0294515,0377075,0455800,0566425,FL,093,FLORIDA,OKEECHOBEE,20171201,20180101,0110000,2008
36740,0,"ORLANDO-KISSIMMEE-SANFORD, FL",203B,S,0253000,0294515,0377075,0455800,0566425,FL,095,FLORIDA,ORANGE,20171201,20180101,0253000,2017
36740,0,"ORLANDO-KISSIMMEE-SANFORD, FL",203B,S,0253000,0294515,0377075,0455800,0566425,FL,097,FLORIDA,OSCEOLA,20171201,20180101,0253000,2017
33100,48424,"MIAMI-FORT LAUDERDALE-WEST PALM BEACH,",203B,H,0295000,0345000,0441650,0533850,0663450,FL,099,FLORIDA,PALM BEACH,20171201,20140101,0300000,2008
45300,0,"TAMPA-ST. PETERSBURG-CLEARWATER, FL",203B,S,0210000,0294515,0377075,0455800,0566425,FL,101,FLORIDA,PASCO,20171201,20180101,0210000,2017
45300,0,"TAMPA-ST. PETERSBURG-CLEARWATER, FL",203B,S,0210000,0294515,0377075,0455800,0566425,FL,103,FLORIDA,PINELLAS,20171201,20180101,0210000,2017
29460,0,"LAKELAND-WINTER HAVEN, FL",203B,S,0159000,0294515,0377075,0455800,0566425,FL,105,FLORIDA,POLK,20171201,20180101,0165000,2008
37260,0,"PALATKA, FL",203B,S,0055000,0294515,0377075,0455800,0566425,FL,107,FLORIDA,PUTNAM,20171201,20180101,0096000,2008
27260,0,"JACKSONVILLE, FL",203B,H,0299000,0343850,0440200,0532100,0661250,FL,109,FLORIDA,ST. JOHNS,20171201,20180101,0299000,2017
38940,0,"PORT ST. LUCIE, FL",203B,H,0275000,0316250,0404850,0489350,0608150,FL,111,FLORIDA,ST. LUCIE,20171201,20140101,0275000,2008
37860,0,"PENSACOLA-FERRY PASS-BRENT, FL",203B,S,0189000,0294515,0377075,0455800,0566425,FL,113,FLORIDA,SANTA ROSA,20171201,20180101,0189000,2017
35840,0,"NORTH PORT-SARASOTA-BRADENTON, FL",203B,H,0260000,0299000,0382750,0462650,0575000,FL,115,FLORIDA,SARASOTA,20171201,20180101,0260000,2017
36740,0,"ORLANDO-KISSIMMEE-SANFORD, FL",203B,S,0253000,0294515,0377075,0455800,0566425,FL,117,FLORIDA,SEMINOLE,20171201,20180101,0253000,2017
45540,0,"THE VILLAGES, FL",203B,S,0235000,0294515,0377075,0455800,0566425,FL,119,FLORIDA,SUMTER,20171201,20180101,0250000,2015
99999,0,NON-METRO,203B,S,0061000,0294515,0377075,0455800,0566425,FL,121,FLORIDA,SUWANNEE,20171201,20180101,0116000,2008
99999,0,NON-METRO,203B,S,0065000,0294515,0377075,0455800,0566425,FL,123,FLORIDA,TAYLOR,20171201,20180101,0083000,2009
99999,0,NON-METRO,203B,S,0072000,0294515,0377075,0455800,0566425,FL,125,FLORIDA,UNION,20171201,20180101,0130000,2009
19660,0,"DELTONA-DAYTONA BEACH-ORMOND BEACH, FL",203B,S,0194000,0294515,0377075,0455800,0566425,FL,127,FLORIDA,VOLUSIA,20171201,20180101,0194000,2017
45220,0,"TALLAHASSEE, FL",203B,S,0170000,0294515,0377075,0455800,0566425,FL,129,FLORIDA,WAKULLA,20171201,20180101,0180000,2008
18880,0,"CRESTVIEW-FORT WALTON BEACH-DESTIN, FL",203B,H,0309000,0355350,0454900,0549850,0683350,FL,131,FLORIDA,WALTON,20171201,20180101,0309000,2017
99999,0,NON-METRO,203B,S,0072000,0294515,0377075,0455800,0566425,FL,133,FLORIDA,WASHINGTON,20171201,20180101,0105000,2008
99999,0,NON-METRO,203B,S,0045000,0294515,0377075,0455800,0566425,GA,001,GEORGIA,APPLING,20171201,20180101,0123000,2009
99999,0,NON-METRO,203B,S,0022000,0294515,0377075,0455800,0566425,GA,003,GEORGIA,ATKINSON,20171201,20180101,0070000,2008
99999,0,NON-METRO,203B,S,0045000,0294515,0377075,0455800,0566425,GA,005,GEORGIA,BACON,20171201,20180101,0081000,2008
10500,0,"ALBANY, GA",203B,S,0145000,0294515,0377075,0455800,0566425,GA,007,GEORGIA,BAKER,20171201,20180101,0191000,2008
33300,0,"MILLEDGEVILLE, GA",203B,S,0135000,0294515,0377075,0455800,0566425,GA,009,GEORGIA,BALDWIN,20171201,20180101,0166000,2008
99999,0,NON-METRO,203B,S,0145000,0294515,0377075,0455800,0566425,GA,011,GEORGIA,BANKS,20171201,20180101,0145000,2017
12060,0,"ATLANTA-SANDY SPRINGS-ROSWELL, GA",203B,H,0313000,0359950,0460800,0557000,0692200,GA,013,GEORGIA,BARROW,20171201,20180101,0313000,2017
12060,0,"ATLANTA-SANDY SPRINGS-ROSWELL, GA",203B,H,0313000,0359950,0460800,0557000,0692200,GA,015,GEORGIA,BARTOW,20171201,20180101,0313000,2017
22340,0,"FITZGERALD, GA",203B,S,0045000,0294515,0377075,0455800,0566425,GA,017,GEORGIA,BEN HILL,20171201,20180101,0088000,2008
99999,0,NON-METRO,203B,S,0050000,0294515,0377075,0455800,0566425,GA,019,GEORGIA,BERRIEN,20171201,20180101,0126000,2008
31420,0,"MACON, GA",203B,S,0130000,0294515,0377075,0455800,0566425,GA,021,GEORGIA,BIBB,20171201,20180101,0178000,2010
99999,0,NON-METRO,203B,S,0061000,0294515,0377075,0455800,0566425,GA,023,GEORGIA,BLECKLEY,20171201,20180101,0121000,2008
15260,0,"BRUNSWICK, GA",203B,S,0210000,0294515,0377075,0455800,0566425,GA,025,GEORGIA,BRANTLEY,20171201,20180101,0210000,2017
46660,0,"VALDOSTA, GA",203B,S,0134000,0294515,0377075,0455800,0566425,GA,027,GEORGIA,BROOKS,20171201,20180101,0159000,2008
42340,0,"SAVANNAH, GA",203B,S,0225000,0294515,0377075,0455800,0566425,GA,029,GEORGIA,BRYAN,20171201,20180101,0228000,2016
44340,0,"STATESBORO, GA",203B,S,0133000,0294515,0377075,0455800,0566425,GA,031,GEORGIA,BULLOCH,20171201,20180101,0140000,2008
12260,0,"AUGUSTA-RICHMOND COUNTY, GA-SC",203B,S,0184000,0294515,0377075,0455800,0566425,GA,033,GEORGIA,BURKE,20171201,20180101,0185000,2015
12060,0,"ATLANTA-SANDY SPRINGS-ROSWELL, GA",203B,H,0313000,0359950,0460800,0557000,0692200,GA,035,GEORGIA,BUTTS,20171201,20180101,0313000,2017
99999,0,NON-METRO,203B,S,0034000,0294515,0377075,0455800,0566425,GA,037,GEORGIA,CALHOUN,20171201,20180101,0078000,2009
41220,0,"ST. MARYS, GA",203B,S,0149000,0294515,0377075,0455800,0566425,GA,039,GEORGIA,CAMDEN,20171201,20180101,0149000,2009
99999,0,NON-METRO,203B,S,0065000,0294515,0377075,0455800,0566425,GA,043,GEORGIA,CANDLER,20171201,20180101,0090000,2008
12060,0,"ATLANTA-SANDY SPRINGS-ROSWELL, GA",203B,H,0313000,0359950,0460800,0557000,0692200,GA,045,GEORGIA,CARROLL,20171201,20180101,0313000,2017
16860,0,"CHATTANOOGA, TN-GA",203B,S,0175000,0294515,0377075,0455800,0566425,GA,047,GEORGIA,CATOOSA,20171201,20180101,0175000,2017
99999,0,NON-METRO,203B,S,0078000,0294515,0377075,0455800,0566425,GA,049,GEORGIA,CHARLTON,20171201,20180101,0113000,2008
42340,0,"SAVANNAH, GA",203B,S,0225000,0294515,0377075,0455800,0566425,GA,051,GEORGIA,CHATHAM,20171201,20180101,0228000,2016
17980,0,"COLUMBUS, GA-AL",203B,S,0189000,0294515,0377075,0455800,0566425,GA,053,GEORGIA,CHATTAHOOCHEE,20171201,20180101,0252000,2009
44900,0,"SUMMERVILLE, GA",203B,S,0054000,0294515,0377075,0455800,0566425,GA,055,GEORGIA,CHATTOOGA,20171201,20180101,0124000,2009
12060,0,"ATLANTA-SANDY SPRINGS-ROSWELL, GA",203B,H,0313000,0359950,0460800,0557000,0692200,GA,057,GEORGIA,CHEROKEE,20171201,20180101,0313000,2017
12020,0,"ATHENS-CLARKE COUNTY, GA",203B,H,0276000,0320850,0410750,0496500,0617000,GA,059,GEORGIA,CLARKE,20171201,20140101,0279000,2009
99999,0,NON-METRO,203B,S,0072000,0294515,0377075,0455800,0566425,GA,061,GEORGIA,CLAY,20171201,20180101,0112000,2008
12060,0,"ATLANTA-SANDY SPRINGS-ROSWELL, GA",203B,H,0313000,0359950,0460800,0557000,0692200,GA,063,GEORGIA,CLAYTON,20171201,20180101,0313000,2017
99999,0,NON-METRO,203B,S,0049000,0294515,0377075,0455800,0566425,GA,065,GEORGIA,CLINCH,20171201,20180101,0122000,2008
12060,0,"ATLANTA-SANDY SPRINGS-ROSWELL, GA",203B,H,0313000,0359950,0460800,0557000,0692200,GA,067,GEORGIA,COBB,20171201,20180101,0313000,2017
20060,0,"DOUGLAS, GA",203B,S,0080000,0294515,0377075,0455800,0566425,GA,069,GEORGIA,COFFEE,20171201,20180101,0125000,2008
34220,0,"MOULTRIE, GA",203B,S,0065000,0294515,0377075,0455800,0566425,GA,071,GEORGIA,COLQUITT,20171201,20180101,0109000,2008
12260,0,"AUGUSTA-RICHMOND COUNTY, GA-SC",203B,S,0184000,0294515,0377075,0455800,0566425,GA,073,GEORGIA,COLUMBIA,20171201,20180101,0185000,2015
99999,0,NON-METRO,203B,S,0058000,0294515,0377075,0455800,0566425,GA,075,GEORGIA,COOK,20171201,20180101,0087000,2008
12060,0,"ATLANTA-SANDY SPRINGS-ROSWELL, GA",203B,H,0313000,0359950,0460800,0557000,0692200,GA,077,GEORGIA,COWETA,20171201,20180101,0313000,2017
31420,0,"MACON, GA",203B,S,0130000,0294515,0377075,0455800,0566425,GA,079,GEORGIA,CRAWFORD,20171201,20180101,0178000,2010
18380,0,"CORDELE, GA",203B,S,0100000,0294515,0377075,0455800,0566425,GA,081,GEORGIA,CRISP,20171201,20180101,0119000,2010
16860,0,"CHATTANOOGA, TN-GA",203B,S,0175000,0294515,0377075,0455800,0566425,GA,083,GEORGIA,DADE,20171201,20180101,0175000,2017
12060,0,"ATLANTA-SANDY SPRINGS-ROSWELL, GA",203B,H,0313000,0359950,0460800,0557000,0692200,GA,085,GEORGIA,DAWSON,20171201,20180101,0313000,2017
12460,0,"BAINBRIDGE, GA",203B,S,0082000,0294515,0377075,0455800,0566425,GA,087,GEORGIA,DECATUR,20171201,20180101,0131000,2008
12060,0,"ATLANTA-SANDY SPRINGS-ROSWELL, GA",203B,H,0313000,0359950,0460800,0557000,0692200,GA,089,GEORGIA,DEKALB,20171201,20180101,0313000,2017
99999,0,NON-METRO,203B,S,0060000,0294515,0377075,0455800,0566425,GA,091,GEORGIA,DODGE,20171201,20180101,0090000,2008
99999,0,NON-METRO,203B,S,0038000,0294515,0377075,0455800,0566425,GA,093,GEORGIA,DOOLY,20171201,20180101,0089000,2008
10500,0,"ALBANY, GA",203B,S,0145000,0294515,0377075,0455800,0566425,GA,095,GEORGIA,DOUGHERTY,20171201,20180101,0191000,2008
12060,0,"ATLANTA-SANDY SPRINGS-ROSWELL, GA",203B,H,0313000,0359950,0460800,0557000,0692200,GA,097,GEORGIA,DOUGLAS,20171201,20180101,0313000,2017
99999,0,NON-METRO,203B,S,0056000,0294515,0377075,0455800,0566425,GA,099,GEORGIA,EARLY,20171201,20180101,0099000,2008
46660,0,"VALDOSTA, GA",203B,S,0134000,0294515,0377075,0455800,0566425,GA,101,GEORGIA,ECHOLS,20171201,20180101,0159000,2008
42340,0,"SAVANNAH, GA",203B,S,0225000,0294515,0377075,0455800,0566425,GA,103,GEORGIA,EFFINGHAM,20171201,20180101,0228000,2016
99999,0,NON-METRO,203B,S,0060000,0294515,0377075,0455800,0566425,GA,105,GEORGIA,ELBERT,20171201,20180101,0103000,2008
99999,0,NON-METRO,203B,S,0042000,0294515,0377075,0455800,0566425,GA,107,GEORGIA,EMANUEL,20171201,20180101,0089000,2008
99999,0,NON-METRO,203B,S,0068000,0294515,0377075,0455800,0566425,GA,109,GEORGIA,EVANS,20171201,20180101,0122000,2008
99999,0,NON-METRO,203B,S,0170000,0294515,0377075,0455800,0566425,GA,111,GEORGIA,FANNIN,20171201,20180101,0214000,2009
12060,0,"ATLANTA-SANDY SPRINGS-ROSWELL, GA",203B,H,0313000,0359950,0460800,0557000,0692200,GA,113,GEORGIA,FAYETTE,20171201,20180101,0313000,2017
40660,0,"ROME, GA",203B,S,0108000,0294515,0377075,0455800,0566425,GA,115,GEORGIA,FLOYD,20171201,20180101,0138000,2009
12060,0,"ATLANTA-SANDY SPRINGS-ROSWELL, GA",203B,H,0313000,0359950,0460800,0557000,0692200,GA,117,GEORGIA,FORSYTH,20171201,20180101,0313000,2017
99999,0,NON-METRO,203B,S,0082000,0294515,0377075,0455800,0566425,GA,119,GEORGIA,FRANKLIN,20171201,20180101,0120000,2009
12060,0,"ATLANTA-SANDY SPRINGS-ROSWELL, GA",203B,H,0313000,0359950,0460800,0557000,0692200,GA,121,GEORGIA,FULTON,20171201,20180101,0313000,2017
99999,0,NON-METRO,203B,S,0136000,0294515,0377075,0455800,0566425,GA,123,GEORGIA,GILMER,20171201,20180101,0176000,2008
99999,0,NON-METRO,203B,S,0053000,0294515,0377075,0455800,0566425,GA,125,GEORGIA,GLASCOCK,20171201,20180101,0070000,2008
15260,0,"BRUNSWICK, GA",203B,S,0210000,0294515,0377075,0455800,0566425,GA,127,GEORGIA,GLYNN,20171201,20180101,0210000,2017
15660,0,"CALHOUN, GA",203B,S,0115000,0294515,0377075,0455800,0566425,GA,129,GEORGIA,GORDON,20171201,20180101,0128000,2008
99999,0,NON-METRO,203B,S,0093000,0294515,0377075,0455800,0566425,GA,131,GEORGIA,GRADY,20171201,20180101,0122000,2008
99999,0,NON-METRO,203B,H,0280000,0515200,0659550,0797250,0990800,GA,133,GEORGIA,GREENE,20171201,20140101,0448000,2008
12060,0,"ATLANTA-SANDY SPRINGS-ROSWELL, GA",203B,H,0313000,0359950,0460800,0557000,0692200,GA,135,GEORGIA,GWINNETT,20171201,20180101,0313000,2017
18460,0,"CORNELIA, GA",203B,S,0125000,0294515,0377075,0455800,0566425,GA,137,GEORGIA,HABERSHAM,20171201,20180101,0132000,2008
23580,0,"GAINESVILLE, GA",203B,S,0185000,0294515,0377075,0455800,0566425,GA,139,GEORGIA,HALL,20171201,20180101,0235000,2009
33300,0,"MILLEDGEVILLE, GA",203B,S,0135000,0294515,0377075,0455800,0566425,GA,141,GEORGIA,HANCOCK,20171201,20180101,0166000,2008
12060,0,"ATLANTA-SANDY SPRINGS-ROSWELL, GA",203B,H,0313000,0359950,0460800,0557000,0692200,GA,143,GEORGIA,HARALSON,20171201,20180101,0313000,2017
17980,0,"COLUMBUS, GA-AL",203B,S,0189000,0294515,0377075,0455800,0566425,GA,145,GEORGIA,HARRIS,20171201,20180101,0252000,2009
99999,0,NON-METRO,203B,S,0102000,0294515,0377075,0455800,0566425,GA,147,GEORGIA,HART,20171201,20180101,0162000,2008
12060,0,"ATLANTA-SANDY SPRINGS-ROSWELL, GA",203B,H,0313000,0359950,0460800,0557000,0692200,GA,149,GEORGIA,HEARD,20171201,20180101,0313000,2017
12060,0,"ATLANTA-SANDY SPRINGS-ROSWELL, GA",203B,H,0313000,0359950,0460800,0557000,0692200,GA,151,GEORGIA,HENRY,20171201,20180101,0313000,2017
47580,0,"WARNER ROBINS, GA",203B,S,0137000,0294515,0377075,0455800,0566425,GA,153,GEORGIA,HOUSTON,20171201,20180101,0180000,2008
99999,0,NON-METRO,203B,S,0059000,0294515,0377075,0455800,0566425,GA,155,GEORGIA,IRWIN,20171201,20180101,0101000,2008
27600,0,"JEFFERSON, GA",203B,S,0178000,0294515,0377075,0455800,0566425,GA,157,GEORGIA,JACKSON,20171201,20180101,0178000,2017
12060,0,"ATLANTA-SANDY SPRINGS-ROSWELL, GA",203B,H,0313000,0359950,0460800,0557000,0692200,GA,159,GEORGIA,JASPER,20171201,20180101,0313000,2017
99999,0,NON-METRO,203B,S,0061000,0294515,0377075,0455800,0566425,GA,161,GEORGIA,JEFF DAVIS,20171201,20180101,0110000,2008
99999,0,NON-METRO,203B,S,0030000,0294515,0377075,0455800,0566425,GA,163,GEORGIA,JEFFERSON,20171201,20180101,0085000,2009
99999,0,NON-METRO,203B,S,0040000,0294515,0377075,0455800,0566425,GA,165,GEORGIA,JENKINS,20171201,20180101,0071000,2008
20140,0,"DUBLIN, GA",203B,S,0078000,0294515,0377075,0455800,0566425,GA,167,GEORGIA,JOHNSON,20171201,20180101,0134000,2008
31420,0,"MACON, GA",203B,S,0130000,0294515,0377075,0455800,0566425,GA,169,GEORGIA,JONES,20171201,20180101,0178000,2010
12060,0,"ATLANTA-SANDY SPRINGS-ROSWELL, GA",203B,H,0313000,0359950,0460800,0557000,0692200,GA,171,GEORGIA,LAMAR,20171201,20180101,0313000,2017
46660,0,"VALDOSTA, GA",203B,S,0134000,0294515,0377075,0455800,0566425,GA,173,GEORGIA,LANIER,20171201,20180101,0159000,2008
20140,0,"DUBLIN, GA",203B,S,0078000,0294515,0377075,0455800,0566425,GA,175,GEORGIA,LAURENS,20171201,20180101,0134000,2008
10500,0,"ALBANY, GA",203B,S,0145000,0294515,0377075,0455800,0566425,GA,177,GEORGIA,LEE,20171201,20180101,0191000,2008
25980,0,"HINESVILLE, GA",203B,S,0148000,0294515,0377075,0455800,0566425,GA,179,GEORGIA,LIBERTY,20171201,20180101,0151000,2016
12260,0,"AUGUSTA-RICHMOND COUNTY, GA-SC",203B,S,0184000,0294515,0377075,0455800,0566425,GA,181,GEORGIA,LINCOLN,20171201,20180101,0185000,2015
25980,0,"HINESVILLE, GA",203B,S,0148000,0294515,0377075,0455800,0566425,GA,183,GEORGIA,LONG,20171201,20180101,0151000,2016
46660,0,"VALDOSTA, GA",203B,S,0134000,0294515,0377075,0455800,0566425,GA,185,GEORGIA,LOWNDES,20171201,20180101,0159000,2008
99999,0,NON-METRO,203B,S,0142000,0294515,0377075,0455800,0566425,GA,187,GEORGIA,LUMPKIN,20171201,20180101,0165000,2008
12260,0,"AUGUSTA-RICHMOND COUNTY, GA-SC",203B,S,0184000,0294515,0377075,0455800,0566425,GA,189,GEORGIA,MCDUFFIE,20171201,20180101,0185000,2015
15260,0,"BRUNSWICK, GA",203B,S,0210000,0294515,0377075,0455800,0566425,GA,191,GEORGIA,MCINTOSH,20171201,20180101,0210000,2017
99999,0,NON-METRO,203B,S,0035000,0294515,0377075,0455800,0566425,GA,193,GEORGIA,MACON,20171201,20180101,0100000,2008
12020,0,"ATHENS-CLARKE COUNTY, GA",203B,H,0276000,0320850,0410750,0496500,0617000,GA,195,GEORGIA,MADISON,20171201,20140101,0279000,2009
17980,0,"COLUMBUS, GA-AL",203B,S,0189000,0294515,0377075,0455800,0566425,GA,197,GEORGIA,MARION,20171201,20180101,0252000,2009
12060,0,"ATLANTA-SANDY SPRINGS-ROSWELL, GA",203B,H,0313000,0359950,0460800,0557000,0692200,GA,199,GEORGIA,MERIWETHER,20171201,20180101,0313000,2017
99999,0,NON-METRO,203B,S,0054000,0294515,0377075,0455800,0566425,GA,201,GEORGIA,MILLER,20171201,20180101,0118000,2008
99999,0,NON-METRO,203B,S,0034000,0294515,0377075,0455800,0566425,GA,205,GEORGIA,MITCHELL,20171201,20180101,0098000,2008
31420,0,"MACON, GA",203B,S,0130000,0294515,0377075,0455800,0566425,GA,207,GEORGIA,MONROE,20171201,20180101,0178000,2010
47080,0,"VIDALIA, GA",203B,S,0066000,0294515,0377075,0455800,0566425,GA,209,GEORGIA,MONTGOMERY,20171201,20180101,0117000,2008
12060,0,"ATLANTA-SANDY SPRINGS-ROSWELL, GA",203B,H,0313000,0359950,0460800,0557000,0692200,GA,211,GEORGIA,MORGAN,20171201,20180101,0313000,2017
19140,0,"DALTON, GA",203B,S,0118000,0294515,0377075,0455800,0566425,GA,213,GEORGIA,MURRAY,20171201,20180101,0129000,2009
17980,0,"COLUMBUS, GA-AL",203B,S,0189000,0294515,0377075,0455800,0566425,GA,215,GEORGIA,MUSCOGEE,20171201,20180101,0252000,2009
12060,0,"ATLANTA-SANDY SPRINGS-ROSWELL, GA",203B,H,0313000,0359950,0460800,0557000,0692200,GA,217,GEORGIA,NEWTON,20171201,20180101,0313000,2017
12020,0,"ATHENS-CLARKE COUNTY, GA",203B,H,0276000,0320850,0410750,0496500,0617000,GA,219,GEORGIA,OCONEE,20171201,20140101,0279000,2009
12020,0,"ATHENS-CLARKE COUNTY, GA",203B,H,0276000,0320850,0410750,0496500,0617000,GA,221,GEORGIA,OGLETHORPE,20171201,20140101,0279000,2009
12060,0,"ATLANTA-SANDY SPRINGS-ROSWELL, GA",203B,H,0313000,0359950,0460800,0557000,0692200,GA,223,GEORGIA,PAULDING,20171201,20180101,0313000,2017
47580,0,"WARNER ROBINS, GA",203B,S,0137000,0294515,0377075,0455800,0566425,GA,225,GEORGIA,PEACH,20171201,20180101,0180000,2008
12060,0,"ATLANTA-SANDY SPRINGS-ROSWELL, GA",203B,H,0313000,0359950,0460800,0557000,0692200,GA,227,GEORGIA,PICKENS,20171201,20180101,0313000,2017
48180,0,"WAYCROSS, GA",203B,S,0074000,0294515,0377075,0455800,0566425,GA,229,GEORGIA,PIERCE,20171201,20180101,0118000,2008
12060,0,"ATLANTA-SANDY SPRINGS-ROSWELL, GA",203B,H,0313000,0359950,0460800,0557000,0692200,GA,231,GEORGIA,PIKE,20171201,20180101,0313000,2017
16340,0,"CEDARTOWN, GA",203B,S,0094000,0294515,0377075,0455800,0566425,GA,233,GEORGIA,POLK,20171201,20180101,0106000,2008
47580,0,"WARNER ROBINS, GA",203B,S,0137000,0294515,0377075,0455800,0566425,GA,235,GEORGIA,PULASKI,20171201,20180101,0180000,2008
99999,0,NON-METRO,203B,S,0175000,0294515,0377075,0455800,0566425,GA,237,GEORGIA,PUTNAM,20171201,20180101,0222000,2008
21640,0,"EUFAULA, AL-GA",203B,S,0097000,0294515,0377075,0455800,0566425,GA,239,GEORGIA,QUITMAN,20171201,20180101,0104000,2008
99999,0,NON-METRO,203B,S,0165000,0294515,0377075,0455800,0566425,GA,241,GEORGIA,RABUN,20171201,20180101,0173000,2009
99999,0,NON-METRO,203B,S,0021000,0294515,0377075,0455800,0566425,GA,243,GEORGIA,RANDOLPH,20171201,20180101,0097000,2008
12260,0,"AUGUSTA-RICHMOND COUNTY, GA-SC",203B,S,0184000,0294515,0377075,0455800,0566425,GA,245,GEORGIA,RICHMOND,20171201,20180101,0185000,2015
12060,0,"ATLANTA-SANDY SPRINGS-ROSWELL, GA",203B,H,0313000,0359950,0460800,0557000,0692200,GA,247,GEORGIA,ROCKDALE,20171201,20180101,0313000,2017
11140,0,"AMERICUS, GA",203B,S,0097000,0294515,0377075,0455800,0566425,GA,249,GEORGIA,SCHLEY,20171201,20180101,0105000,2008
99999,0,NON-METRO,203B,S,0052000,0294515,0377075,0455800,0566425,GA,251,GEORGIA,SCREVEN,20171201,20180101,0098000,2008
99999,0,NON-METRO,203B,S,0060000,0294515,0377075,0455800,0566425,GA,253,GEORGIA,SEMINOLE,20171201,20180101,0109000,2008
12060,0,"ATLANTA-SANDY SPRINGS-ROSWELL, GA",203B,H,0313000,0359950,0460800,0557000,0692200,GA,255,GEORGIA,SPALDING,20171201,20180101,0313000,2017
45740,0,"TOCCOA, GA",203B,S,0087000,0294515,0377075,0455800,0566425,GA,257,GEORGIA,STEPHENS,20171201,20180101,0093000,2009
99999,0,NON-METRO,203B,S,0028000,0294515,0377075,0455800,0566425,GA,259,GEORGIA,STEWART,20171201,20180101,0063000,2008
11140,0,"AMERICUS, GA",203B,S,0097000,0294515,0377075,0455800,0566425,GA,261,GEORGIA,SUMTER,20171201,20180101,0105000,2008
99999,0,NON-METRO,203B,S,0071000,0294515,0377075,0455800,0566425,GA,263,GEORGIA,TALBOT,20171201,20180101,0123000,2013
99999,0,NON-METRO,203B,S,0086000,0294515,0377075,0455800,0566425,GA,265,GEORGIA,TALIAFERRO,20171201,20180101,0110000,2008
99999,0,NON-METRO,203B,S,0070000,0294515,0377075,0455800,0566425,GA,267,GEORGIA,TATTNALL,20171201,20180101,0119000,2008
99999,0,NON-METRO,203B,S,0030000,0294515,0377075,0455800,0566425,GA,269,GEORGIA,TAYLOR,20171201,20180101,0110000,2008
99999,0,NON-METRO,203B,S,0040000,0294515,0377075,0455800,0566425,GA,271,GEORGIA,TELFAIR,20171201,20180101,0083000,2008
10500,0,"ALBANY, GA",203B,S,0145000,0294515,0377075,0455800,0566425,GA,273,GEORGIA,TERRELL,20171201,20180101,0191000,2008
45620,0,"THOMASVILLE, GA",203B,S,0131000,0294515,0377075,0455800,0566425,GA,275,GEORGIA,THOMAS,20171201,20180101,0137000,2008
45700,0,"TIFTON, GA",203B,S,0115000,0294515,0377075,0455800,0566425,GA,277,GEORGIA,TIFT,20171201,20180101,0158000,2008
47080,0,"VIDALIA, GA",203B,S,0066000,0294515,0377075,0455800,0566425,GA,279,GEORGIA,TOOMBS,20171201,20180101,0117000,2008
99999,0,NON-METRO,203B,S,0147000,0294515,0377075,0455800,0566425,GA,281,GEORGIA,TOWNS,20171201,20180101,0211000,2008
99999,0,NON-METRO,203B,S,0048000,0294515,0377075,0455800,0566425,GA,283,GEORGIA,TREUTLEN,20171201,20180101,0087000,2008
29300,0,"LAGRANGE, GA",203B,S,0128000,0294515,0377075,0455800,0566425,GA,285,GEORGIA,TROUP,20171201,20180101,0130000,2008
99999,0,NON-METRO,203B,S,0050000,0294515,0377075,0455800,0566425,GA,287,GEORGIA,TURNER,20171201,20180101,0085000,2008
31420,0,"MACON, GA",203B,S,0130000,0294515,0377075,0455800,0566425,GA,289,GEORGIA,TWIGGS,20171201,20180101,0178000,2010
99999,0,NON-METRO,203B,S,0116000,0294515,0377075,0455800,0566425,GA,291,GEORGIA,UNION,20171201,20180101,0165000,2009
45580,0,"THOMASTON, GA",203B,S,0055000,0294515,0377075,0455800,0566425,GA,293,GEORGIA,UPSON,20171201,20180101,0116000,2008
16860,0,"CHATTANOOGA, TN-GA",203B,S,0175000,0294515,0377075,0455800,0566425,GA,295,GEORGIA,WALKER,20171201,20180101,0175000,2017
12060,0,"ATLANTA-SANDY SPRINGS-ROSWELL, GA",203B,H,0313000,0359950,0460800,0557000,0692200,GA,297,GEORGIA,WALTON,20171201,20180101,0313000,2017
48180,0,"WAYCROSS, GA",203B,S,0074000,0294515,0377075,0455800,0566425,GA,299,GEORGIA,WARE,20171201,20180101,0118000,2008
99999,0,NON-METRO,203B,S,0037000,0294515,0377075,0455800,0566425,GA,301,GEORGIA,WARREN,20171201,20180101,0143000,2008
99999,0,NON-METRO,203B,S,0044000,0294515,0377075,0455800,0566425,GA,303,GEORGIA,WASHINGTON,20171201,20180101,0106000,2008
27700,0,"JESUP, GA",203B,S,0060000,0294515,0377075,0455800,0566425,GA,305,GEORGIA,WAYNE,20171201,20180101,0141000,2008
99999,0,NON-METRO,203B,S,0025000,0294515,0377075,0455800,0566425,GA,307,GEORGIA,WEBSTER,20171201,20180101,0071000,2008
99999,0,NON-METRO,203B,S,0049000,0294515,0377075,0455800,0566425,GA,309,GEORGIA,WHEELER,20171201,20180101,0086000,2008
99999,0,NON-METRO,203B,S,0130000,0294515,0377075,0455800,0566425,GA,311,GEORGIA,WHITE,20171201,20180101,0159000,2008
19140,0,"DALTON, GA",203B,S,0118000,0294515,0377075,0455800,0566425,GA,313,GEORGIA,WHITFIELD,20171201,20180101,0129000,2009
99999,0,NON-METRO,203B,S,0028000,0294515,0377075,0455800,0566425,GA,315,GEORGIA,WILCOX,20171201,20180101,0098000,2008
99999,0,NON-METRO,203B,S,0061000,0294515,0377075,0455800,0566425,GA,317,GEORGIA,WILKES,20171201,20180101,0101000,2008
99999,0,NON-METRO,203B,S,0030000,0294515,0377075,0455800,0566425,GA,319,GEORGIA,WILKINSON,20171201,20180101,0119000,2008
10500,0,"ALBANY, GA",203B,S,0145000,0294515,0377075,0455800,0566425,GA,321,GEORGIA,WORTH,20171201,20180101,0191000,2008
99999,0,NON-METRO,203B,H,0276000,0563500,0721400,0872000,1083650,GU,010,GUAM,GUAM,20171201,20140101,0490000,2008
25900,0,"HILO, HI",203B,H,0315000,0368000,0471100,0569450,0707700,HI,001,HAWAII,HAWAII,20171201,20140101,0320000,2008
46520,0,"URBAN HONOLULU, HI",203B,H,0545000,0721050,0923050,1115800,1386650,HI,003,HAWAII,HONOLULU,20171201,20140101,0627000,2008
27980,0,"KAHULUI-WAILUKU-LAHAINA, HI",203B,H,0550000,0657800,0842100,1017900,1265000,HI,005,HAWAII,KALAWAO,20171201,20140101,0572000,2010
28180,0,"KAPAA, HI",203B,H,0526000,0713000,0912750,1103350,1371150,HI,007,HAWAII,KAUAI,20171201,20140101,0620000,2008
27980,0,"KAHULUI-WAILUKU-LAHAINA, HI",203B,H,0550000,0657800,0842100,1017900,1265000,HI,009,HAWAII,MAUI,20171201,20140101,0572000,2010
99999,0,NON-METRO,203B,S,0071000,0294515,0377075,0455800,0566425,IA,001,IOWA,ADAIR,20171201,20180101,0074000,2008
99999,0,NON-METRO,203B,S,0047000,0294515,0377075,0455800,0566425,IA,003,IOWA,ADAMS,20171201,20180101,0066000,2013
99999,0,NON-METRO,203B,S,0100000,0294515,0377075,0455800,0566425,IA,005,IOWA,ALLAMAKEE,20171201,20180101,0100000,2017
99999,0,NON-METRO,203B,S,0044000,0294515,0377075,0455800,0566425,IA,007,IOWA,APPANOOSE,20171201,20180101,0067000,2008
99999,0,NON-METRO,203B,S,0056000,0294515,0377075,0455800,0566425,IA,009,IOWA,AUDUBON,20171201,20180101,0071000,2013
16300,0,"CEDAR RAPIDS, IA",203B,S,0148000,0294515,0377075,0455800,0566425,IA,011,IOWA,BENTON,20171201,20180101,0148000,2017
47940,0,"WATERLOO-CEDAR FALLS, IA",203B,S,0138000,0294515,0377075,0455800,0566425,IA,013,IOWA,BLACK HAWK,20171201,20180101,0146000,2013
14340,0,"BOONE, IA",203B,S,0128000,0294515,0377075,0455800,0566425,IA,015,IOWA,BOONE,20171201,20180101,0128000,2017
47940,0,"WATERLOO-CEDAR FALLS, IA",203B,S,0138000,0294515,0377075,0455800,0566425,IA,017,IOWA,BREMER,20171201,20180101,0146000,2013
99999,0,NON-METRO,203B,S,0147000,0294515,0377075,0455800,0566425,IA,019,IOWA,BUCHANAN,20171201,20180101,0147000,2017
44740,0,"STORM LAKE, IA",203B,S,0094000,0294515,0377075,0455800,0566425,IA,021,IOWA,BUENA VISTA,20171201,20180101,0095000,2016
99999,0,NON-METRO,203B,S,0110000,0294515,0377075,0455800,0566425,IA,023,IOWA,BUTLER,20171201,20180101,0110000,2017
99999,0,NON-METRO,203B,S,0065000,0294515,0377075,0455800,0566425,IA,025,IOWA,CALHOUN,20171201,20180101,0072000,2008
16140,0,"CARROLL, IA",203B,S,0139000,0294515,0377075,0455800,0566425,IA,027,IOWA,CARROLL,20171201,20180101,0139000,2017
99999,0,NON-METRO,203B,S,0087000,0294515,0377075,0455800,0566425,IA,029,IOWA,CASS,20171201,20180101,0087000,2017
99999,0,NON-METRO,203B,S,0144000,0294515,0377075,0455800,0566425,IA,031,IOWA,CEDAR,20171201,20180101,0144000,2017
32380,0,"MASON CITY, IA",203B,S,0108000,0294515,0377075,0455800,0566425,IA,033,IOWA,CERRO GORDO,20171201,20180101,0113000,2016
99999,0,NON-METRO,203B,S,0090000,0294515,0377075,0455800,0566425,IA,035,IOWA,CHEROKEE,20171201,20180101,0090000,2017
99999,0,NON-METRO,203B,S,0110000,0294515,0377075,0455800,0566425,IA,037,IOWA,CHICKASAW,20171201,20180101,0114000,2013
99999,0,NON-METRO,203B,S,0097000,0294515,0377075,0455800,0566425,IA,039,IOWA,CLARKE,20171201,20180101,0107000,2013
43980,0,"SPENCER, IA",203B,S,0132000,0294515,0377075,0455800,0566425,IA,041,IOWA,CLAY,20171201,20180101,0132000,2017
99999,0,NON-METRO,203B,S,0117000,0294515,0377075,0455800,0566425,IA,043,IOWA,CLAYTON,20171201,20180101,0117000,2017
17540,0,"CLINTON, IA",203B,S,0094000,0294515,0377075,0455800,0566425,IA,045,IOWA,CLINTON,20171201,20180101,0106000,2013
99999,0,NON-METRO,203B,S,0096000,0294515,0377075,0455800,0566425,IA,047,IOWA,CRAWFORD,20171201,20180101,0096000,2017
19780,0,"DES MOINES-WEST DES MOINES, IA",203B,S,0240000,0294515,0377075,0455800,0566425,IA,049,IOWA,DALLAS,20171201,20180101,0240000,2017
36900,0,"OTTUMWA, IA",203B,S,0105000,0294515,0377075,0455800,0566425,IA,051,IOWA,DAVIS,20171201,20180101,0105000,2017
99999,0,NON-METRO,203B,S,0087000,0294515,0377075,0455800,0566425,IA,053,IOWA,DECATUR,20171201,20180101,0103000,2013
99999,0,NON-METRO,203B,S,0119000,0294515,0377075,0455800,0566425,IA,055,IOWA,DELAWARE,20171201,20180101,0119000,2017
15460,0,"BURLINGTON, IA-IL",203B,S,0116000,0294515,0377075,0455800,0566425,IA,057,IOWA,DES MOINES,20171201,20180101,0116000,2017
44020,0,"SPIRIT LAKE, IA",203B,S,0171000,0294515,0377075,0455800,0566425,IA,059,IOWA,DICKINSON,20171201,20180101,0180000,2012
20220,0,"DUBUQUE, IA",203B,S,0147000,0294515,0377075,0455800,0566425,IA,061,IOWA,DUBUQUE,20171201,20180101,0147000,2017
99999,0,NON-METRO,203B,S,0090000,0294515,0377075,0455800,0566425,IA,063,IOWA,EMMET,20171201,20180101,0090000,2017
99999,0,NON-METRO,203B,S,0084000,0294515,0377075,0455800,0566425,IA,065,IOWA,FAYETTE,20171201,20180101,0084000,2017
99999,0,NON-METRO,203B,S,0108000,0294515,0377075,0455800,0566425,IA,067,IOWA,FLOYD,20171201,20180101,0108000,2017
99999,0,NON-METRO,203B,S,0095000,0294515,0377075,0455800,0566425,IA,069,IOWA,FRANKLIN,20171201,20180101,0095000,2017
99999,0,NON-METRO,203B,S,0107000,0294515,0377075,0455800,0566425,IA,071,IOWA,FREMONT,20171201,20180101,0107000,2017
99999,0,NON-METRO,203B,S,0091000,0294515,0377075,0455800,0566425,IA,073,IOWA,GREENE,20171201,20180101,0091000,2017
47940,0,"WATERLOO-CEDAR FALLS, IA",203B,S,0138000,0294515,0377075,0455800,0566425,IA,075,IOWA,GRUNDY,20171201,20180101,0146000,2013
19780,0,"DES MOINES-WEST DES MOINES, IA",203B,S,0240000,0294515,0377075,0455800,0566425,IA,077,IOWA,GUTHRIE,20171201,20180101,0240000,2017
99999,0,NON-METRO,203B,S,0079000,0294515,0377075,0455800,0566425,IA,079,IOWA,HAMILTON,20171201,20180101,0085000,2016
99999,0,NON-METRO,203B,S,0098000,0294515,0377075,0455800,0566425,IA,081,IOWA,HANCOCK,20171201,20180101,0115000,2008
99999,0,NON-METRO,203B,S,0101000,0294515,0377075,0455800,0566425,IA,083,IOWA,HARDIN,20171201,20180101,0101000,2017
36540,0,"OMAHA-COUNCIL BLUFFS, NE-IA",203B,S,0195000,0294515,0377075,0455800,0566425,IA,085,IOWA,HARRISON,20171201,20180101,0195000,2017
99999,0,NON-METRO,203B,S,0106000,0294515,0377075,0455800,0566425,IA,087,IOWA,HENRY,20171201,20180101,0106000,2017
99999,0,NON-METRO,203B,S,0101000,0294515,0377075,0455800,0566425,IA,089,IOWA,HOWARD,20171201,20180101,0101000,2017
99999,0,NON-METRO,203B,S,0078000,0294515,0377075,0455800,0566425,IA,091,IOWA,HUMBOLDT,20171201,20180101,0085000,2008
99999,0,NON-METRO,203B,S,0086000,0294515,0377075,0455800,0566425,IA,093,IOWA,IDA,20171201,20180101,0092000,2013
99999,0,NON-METRO,203B,S,0056000,0294515,0377075,0455800,0566425,IA,095,IOWA,IOWA,20171201,20180101,0131000,2008
99999,0,NON-METRO,203B,S,0112000,0294515,0377075,0455800,0566425,IA,097,IOWA,JACKSON,20171201,20180101,0117000,2009
35500,0,"NEWTON, IA",203B,S,0100000,0294515,0377075,0455800,0566425,IA,099,IOWA,JASPER,20171201,20180101,0100000,2008
21840,0,"FAIRFIELD, IA",203B,S,0108000,0294515,0377075,0455800,0566425,IA,101,IOWA,JEFFERSON,20171201,20180101,0108000,2017
26980,0,"IOWA CITY, IA",203B,S,0228000,0294515,0377075,0455800,0566425,IA,103,IOWA,JOHNSON,20171201,20180101,0228000,2017
16300,0,"CEDAR RAPIDS, IA",203B,S,0148000,0294515,0377075,0455800,0566425,IA,105,IOWA,JONES,20171201,20180101,0148000,2017
99999,0,NON-METRO,203B,S,0076000,0294515,0377075,0455800,0566425,IA,107,IOWA,KEOKUK,20171201,20180101,0076000,2017
99999,0,NON-METRO,203B,S,0075000,0294515,0377075,0455800,0566425,IA,109,IOWA,KOSSUTH,20171201,20180101,0082000,2012
22800,0,"FORT MADISON-KEOKUK, IA-IL-MO",203B,S,0093000,0294515,0377075,0455800,0566425,IA,111,IOWA,LEE,20171201,20180101,0097000,2016
16300,0,"CEDAR RAPIDS, IA",203B,S,0148000,0294515,0377075,0455800,0566425,IA,113,IOWA,LINN,20171201,20180101,0148000,2017
99999,0,NON-METRO,203B,S,0107000,0294515,0377075,0455800,0566425,IA,115,IOWA,LOUISA,20171201,20180101,0107000,2017
99999,0,NON-METRO,203B,S,0088000,0294515,0377075,0455800,0566425,IA,117,IOWA,LUCAS,20171201,20180101,0092000,2008
99999,0,NON-METRO,203B,S,0111000,0294515,0377075,0455800,0566425,IA,119,IOWA,LYON,20171201,20180101,0111000,2017
19780,0,"DES MOINES-WEST DES MOINES, IA",203B,S,0240000,0294515,0377075,0455800,0566425,IA,121,IOWA,MADISON,20171201,20180101,0240000,2017
36820,0,"OSKALOOSA, IA",203B,S,0139000,0294515,0377075,0455800,0566425,IA,123,IOWA,MAHASKA,20171201,20180101,0139000,2017
37800,0,"PELLA, IA",203B,S,0130000,0294515,0377075,0455800,0566425,IA,125,IOWA,MARION,20171201,20180101,0140000,2008
32260,0,"MARSHALLTOWN, IA",203B,S,0087000,0294515,0377075,0455800,0566425,IA,127,IOWA,MARSHALL,20171201,20180101,0106000,2008
36540,0,"OMAHA-COUNCIL BLUFFS, NE-IA",203B,S,0195000,0294515,0377075,0455800,0566425,IA,129,IOWA,MILLS,20171201,20180101,0195000,2017
99999,0,NON-METRO,203B,S,0121000,0294515,0377075,0455800,0566425,IA,131,IOWA,MITCHELL,20171201,20180101,0121000,2017
99999,0,NON-METRO,203B,S,0088000,0294515,0377075,0455800,0566425,IA,133,IOWA,MONONA,20171201,20180101,0092000,2015
99999,0,NON-METRO,203B,S,0103000,0294515,0377075,0455800,0566425,IA,135,IOWA,MONROE,20171201,20180101,0103000,2017
99999,0,NON-METRO,203B,S,0084000,0294515,0377075,0455800,0566425,IA,137,IOWA,MONTGOMERY,20171201,20180101,0084000,2017
34700,0,"MUSCATINE, IA",203B,S,0115000,0294515,0377075,0455800,0566425,IA,139,IOWA,MUSCATINE,20171201,20180101,0130000,2009
99999,0,NON-METRO,203B,S,0110000,0294515,0377075,0455800,0566425,IA,141,IOWA,O'BRIEN,20171201,20180101,0110000,2017
99999,0,NON-METRO,203B,S,0089000,0294515,0377075,0455800,0566425,IA,143,IOWA,OSCEOLA,20171201,20180101,0089000,2017
99999,0,NON-METRO,203B,S,0088000,0294515,0377075,0455800,0566425,IA,145,IOWA,PAGE,20171201,20180101,0088000,2008
99999,0,NON-METRO,203B,S,0091000,0294515,0377075,0455800,0566425,IA,147,IOWA,PALO ALTO,20171201,20180101,0091000,2017
43580,0,"SIOUX CITY, IA-NE-SD",203B,S,0217000,0294515,0377075,0455800,0566425,IA,149,IOWA,PLYMOUTH,20171201,20180101,0217000,2017
99999,0,NON-METRO,203B,S,0069000,0294515,0377075,0455800,0566425,IA,151,IOWA,POCAHONTAS,20171201,20180101,0069000,2017
19780,0,"DES MOINES-WEST DES MOINES, IA",203B,S,0240000,0294515,0377075,0455800,0566425,IA,153,IOWA,POLK,20171201,20180101,0240000,2017
36540,0,"OMAHA-COUNCIL BLUFFS, NE-IA",203B,S,0195000,0294515,0377075,0455800,0566425,IA,155,IOWA,POTTAWATTAMIE,20171201,20180101,0195000,2017
99999,0,NON-METRO,203B,S,0131000,0294515,0377075,0455800,0566425,IA,157,IOWA,POWESHIEK,20171201,20180101,0131000,2017
99999,0,NON-METRO,203B,S,0083000,0294515,0377075,0455800,0566425,IA,159,IOWA,RINGGOLD,20171201,20180101,0106000,2008
99999,0,NON-METRO,203B,S,0092000,0294515,0377075,0455800,0566425,IA,161,IOWA,SAC,20171201,20180101,0092000,2017
19340,0,"DAVENPORT-MOLINE-ROCK ISLAND, IA-IL",203B,S,0154000,0294515,0377075,0455800,0566425,IA,163,IOWA,SCOTT,20171201,20180101,0158000,2016
99999,0,NON-METRO,203B,S,0085000,0294515,0377075,0455800,0566425,IA,165,IOWA,SHELBY,20171201,20180101,0100000,2008
99999,0,NON-METRO,203B,S,0144000,0294515,0377075,0455800,0566425,IA,167,IOWA,SIOUX,20171201,20180101,0144000,2017
11180,0,"AMES, IA",203B,S,0190000,0294515,0377075,0455800,0566425,IA,169,IOWA,STORY,20171201,20180101,0190000,2017
99999,0,NON-METRO,203B,S,0101000,0294515,0377075,0455800,0566425,IA,171,IOWA,TAMA,20171201,20180101,0101000,2017
99999,0,NON-METRO,203B,S,0051000,0294515,0377075,0455800,0566425,IA,173,IOWA,TAYLOR,20171201,20180101,0072000,2013
99999,0,NON-METRO,203B,S,0085000,0294515,0377075,0455800,0566425,IA,175,IOWA,UNION,20171201,20180101,0085000,2017
99999,0,NON-METRO,203B,S,0082000,0294515,0377075,0455800,0566425,IA,177,IOWA,VAN BUREN,20171201,20180101,0082000,2017
36900,0,"OTTUMWA, IA",203B,S,0105000,0294515,0377075,0455800,0566425,IA,179,IOWA,WAPELLO,20171201,20180101,0105000,2017
19780,0,"DES MOINES-WEST DES MOINES, IA",203B,S,0240000,0294515,0377075,0455800,0566425,IA,181,IOWA,WARREN,20171201,20180101,0240000,2017
26980,0,"IOWA CITY, IA",203B,S,0228000,0294515,0377075,0455800,0566425,IA,183,IOWA,WASHINGTON,20171201,20180101,0228000,2017
99999,0,NON-METRO,203B,S,0037000,0294515,0377075,0455800,0566425,IA,185,IOWA,WAYNE,20171201,20180101,0091000,2008
22700,0,"FORT DODGE, IA",203B,S,0075000,0294515,0377075,0455800,0566425,IA,187,IOWA,WEBSTER,20171201,20180101,0079000,2008
99999,0,NON-METRO,203B,S,0100000,0294515,0377075,0455800,0566425,IA,189,IOWA,WINNEBAGO,20171201,20180101,0100000,2017
99999,0,NON-METRO,203B,S,0145000,0294515,0377075,0455800,0566425,IA,191,IOWA,WINNESHIEK,20171201,20180101,0145000,2017
43580,0,"SIOUX CITY, IA-NE-SD",203B,S,0217000,0294515,0377075,0455800,0566425,IA,193,IOWA,WOODBURY,20171201,20180101,0217000,2017
32380,0,"MASON CITY, IA",203B,S,0108000,0294515,0377075,0455800,0566425,IA,195,IOWA,WORTH,20171201,20180101,0113000,2016
99999,0,NON-METRO,203B,S,0078000,0294515,0377075,0455800,0566425,IA,197,IOWA,WRIGHT,20171201,20180101,0078000,2017
14260,0,"BOISE CITY, ID",203B,S,0255000,0294515,0377075,0455800,0566425,ID,001,IDAHO,ADA,20171201,20180101,0255000,2017
99999,0,NON-METRO,203B,S,0173000,0294515,0377075,0455800,0566425,ID,003,IDAHO,ADAMS,20171201,20180101,0223000,2009
38540,0,"POCATELLO, ID",203B,S,0156000,0294515,0377075,0455800,0566425,ID,005,IDAHO,BANNOCK,20171201,20180101,0156000,2017
99999,0,NON-METRO,203B,S,0143000,0294515,0377075,0455800,0566425,ID,007,IDAHO,BEAR LAKE,20171201,20180101,0167000,2014
99999,0,NON-METRO,203B,S,0128000,0294515,0377075,0455800,0566425,ID,009,IDAHO,BENEWAH,20171201,20180101,0143000,2009
13940,0,"BLACKFOOT, ID",203B,S,0165000,0294515,0377075,0455800,0566425,ID,011,IDAHO,BINGHAM,20171201,20180101,0168000,2014
25200,0,"HAILEY, ID",203B,H,0336000,0646300,0827400,1000100,1242900,ID,013,IDAHO,BLAINE,20171201,20180101,0562000,2008
14260,0,"BOISE CITY, ID",203B,S,0255000,0294515,0377075,0455800,0566425,ID,015,IDAHO,BOISE,20171201,20180101,0255000,2017
41760,0,"SANDPOINT, ID",203B,S,0211000,0294515,0377075,0455800,0566425,ID,017,IDAHO,BONNER,20171201,20180101,0218000,2016
26820,0,"IDAHO FALLS, ID",203B,S,0217000,0294515,0377075,0455800,0566425,ID,019,IDAHO,BONNEVILLE,20171201,20180101,0217000,2017
99999,0,NON-METRO,203B,S,0176000,0294515,0377075,0455800,0566425,ID,021,IDAHO,BOUNDARY,20171201,20180101,0182000,2009
26820,0,"IDAHO FALLS, ID",203B,S,0217000,0294515,0377075,0455800,0566425,ID,023,IDAHO,BUTTE,20171201,20180101,0217000,2017
25200,0,"HAILEY, ID",203B,H,0336000,0646300,0827400,1000100,1242900,ID,025,IDAHO,CAMAS,20171201,20180101,0562000,2008
14260,0,"BOISE CITY, ID",203B,S,0255000,0294515,0377075,0455800,0566425,ID,027,IDAHO,CANYON,20171201,20180101,0255000,2017
99999,0,NON-METRO,203B,S,0129000,0294515,0377075,0455800,0566425,ID,029,IDAHO,CARIBOU,20171201,20180101,0152000,2010
15420,0,"BURLEY, ID",203B,S,0154000,0294515,0377075,0455800,0566425,ID,031,IDAHO,CASSIA,20171201,20180101,0155000,2016
99999,0,NON-METRO,203B,S,0109000,0294515,0377075,0455800,0566425,ID,033,IDAHO,CLARK,20171201,20180101,0160000,2014
99999,0,NON-METRO,203B,S,0155000,0294515,0377075,0455800,0566425,ID,035,IDAHO,CLEARWATER,20171201,20180101,0155000,2017
99999,0,NON-METRO,203B,S,0113000,0294515,0377075,0455800,0566425,ID,037,IDAHO,CUSTER,20171201,20180101,0205000,2013
34300,0,"MOUNTAIN HOME, ID",203B,S,0152000,0294515,0377075,0455800,0566425,ID,039,IDAHO,ELMORE,20171201,20180101,0171000,2009
30860,0,"LOGAN, UT-ID",203B,S,0220000,0294515,0377075,0455800,0566425,ID,041,IDAHO,FRANKLIN,20171201,20180101,0222000,2010
39940,0,"REXBURG, ID",203B,S,0209000,0294515,0377075,0455800,0566425,ID,043,IDAHO,FREMONT,20171201,20180101,0209000,2017
14260,0,"BOISE CITY, ID",203B,S,0255000,0294515,0377075,0455800,0566425,ID,045,IDAHO,GEM,20171201,20180101,0255000,2017
99999,0,NON-METRO,203B,S,0125000,0294515,0377075,0455800,0566425,ID,047,IDAHO,GOODING,20171201,20180101,0177000,2009
99999,0,NON-METRO,203B,S,0126000,0294515,0377075,0455800,0566425,ID,049,IDAHO,IDAHO,20171201,20180101,0160000,2009
26820,0,"IDAHO FALLS, ID",203B,S,0217000,0294515,0377075,0455800,0566425,ID,051,IDAHO,JEFFERSON,20171201,20180101,0217000,2017
46300,0,"TWIN FALLS, ID",203B,S,0180000,0294515,0377075,0455800,0566425,ID,053,IDAHO,JEROME,20171201,20180101,0194000,2009
17660,0,"COEUR D'ALENE, ID",203B,S,0246000,0294515,0377075,0455800,0566425,ID,055,IDAHO,KOOTENAI,20171201,20180101,0246000,2017
34140,0,"MOSCOW, ID",203B,S,0231000,0294515,0377075,0455800,0566425,ID,057,IDAHO,LATAH,20171201,20180101,0234000,2016
99999,0,NON-METRO,203B,S,0131000,0294515,0377075,0455800,0566425,ID,059,IDAHO,LEMHI,20171201,20180101,0164000,2009
99999,0,NON-METRO,203B,S,0102000,0294515,0377075,0455800,0566425,ID,061,IDAHO,LEWIS,20171201,20180101,0138000,2009
25200,0,"HAILEY, ID",203B,H,0336000,0646300,0827400,1000100,1242900,ID,063,IDAHO,LINCOLN,20171201,20180101,0562000,2008
39940,0,"REXBURG, ID",203B,S,0209000,0294515,0377075,0455800,0566425,ID,065,IDAHO,MADISON,20171201,20180101,0209000,2017
15420,0,"BURLEY, ID",203B,S,0154000,0294515,0377075,0455800,0566425,ID,067,IDAHO,MINIDOKA,20171201,20180101,0155000,2016
30300,0,"LEWISTON, ID-WA",203B,S,0196000,0294515,0377075,0455800,0566425,ID,069,IDAHO,NEZ PERCE,20171201,20180101,0228000,2009
99999,0,NON-METRO,203B,S,0153000,0294515,0377075,0455800,0566425,ID,071,IDAHO,ONEIDA,20171201,20180101,0181000,2009
14260,0,"BOISE CITY, ID",203B,S,0255000,0294515,0377075,0455800,0566425,ID,073,IDAHO,OWYHEE,20171201,20180101,0255000,2017
36620,0,"ONTARIO, OR-ID",203B,S,0163000,0294515,0377075,0455800,0566425,ID,075,IDAHO,PAYETTE,20171201,20180101,0171000,2008
99999,0,NON-METRO,203B,S,0148000,0294515,0377075,0455800,0566425,ID,077,IDAHO,POWER,20171201,20180101,0157000,2009
99999,0,NON-METRO,203B,S,0110000,0294515,0377075,0455800,0566425,ID,079,IDAHO,SHOSHONE,20171201,20180101,0137000,2009
27220,0,"JACKSON, WY-ID",203B,H,0736000,0679650,0870225,1051875,1307175,ID,081,IDAHO,TETON,20171201,20180101,0800000,2008
46300,0,"TWIN FALLS, ID",203B,S,0180000,0294515,0377075,0455800,0566425,ID,083,IDAHO,TWIN FALLS,20171201,20180101,0194000,2009
99999,0,NON-METRO,203B,S,0229000,0294515,0377075,0455800,0566425,ID,085,IDAHO,VALLEY,20171201,20180101,0237000,2008
99999,0,NON-METRO,203B,S,0142000,0294515,0377075,0455800,0566425,ID,087,IDAHO,WASHINGTON,20171201,20180101,0150000,2009
39500,0,"QUINCY, IL-MO",203B,S,0107000,0294515,0377075,0455800,0566425,IL,001,ILLINOIS,ADAMS,20171201,20180101,0107000,2017
16020,0,"CAPE GIRARDEAU, MO-IL",203B,S,0164000,0294515,0377075,0455800,0566425,IL,003,ILLINOIS,ALEXANDER,20171201,20180101,0185000,2013
41180,0,"ST. LOUIS, MO-IL",203B,S,0229000,0294515,0377075,0455800,0566425,IL,005,ILLINOIS,BOND,20171201,20180101,0229000,2017
40420,0,"ROCKFORD, IL",203B,H,0156000,0339250,0434300,0524950,0652400,IL,007,ILLINOIS,BOONE,20171201,20090101,0295000,2008
99999,0,NON-METRO,203B,S,0089000,0294515,0377075,0455800,0566425,IL,009,ILLINOIS,BROWN,20171201,20180101,0090000,2016
36860,0,"OTTAWA-PERU, IL",203B,S,0126000,0294515,0377075,0455800,0566425,IL,011,ILLINOIS,BUREAU,20171201,20180101,0149000,2009
41180,0,"ST. LOUIS, MO-IL",203B,S,0229000,0294515,0377075,0455800,0566425,IL,013,ILLINOIS,CALHOUN,20171201,20180101,0229000,2017
99999,0,NON-METRO,203B,S,0079000,0294515,0377075,0455800,0566425,IL,015,ILLINOIS,CARROLL,20171201,20180101,0100000,2009
99999,0,NON-METRO,203B,S,0055000,0294515,0377075,0455800,0566425,IL,017,ILLINOIS,CASS,20171201,20180101,0075000,2016
16580,0,"CHAMPAIGN-URBANA, IL",203B,S,0154000,0294515,0377075,0455800,0566425,IL,019,ILLINOIS,CHAMPAIGN,20171201,20180101,0154000,2017
45380,0,"TAYLORVILLE, IL",203B,S,0075000,0294515,0377075,0455800,0566425,IL,021,ILLINOIS,CHRISTIAN,20171201,20180101,0087000,2009
99999,0,NON-METRO,203B,S,0072000,0294515,0377075,0455800,0566425,IL,023,ILLINOIS,CLARK,20171201,20180101,0089000,2008
99999,0,NON-METRO,203B,S,0052000,0294515,0377075,0455800,0566425,IL,025,ILLINOIS,CLAY,20171201,20180101,0085000,2009
41180,0,"ST. LOUIS, MO-IL",203B,S,0229000,0294515,0377075,0455800,0566425,IL,027,ILLINOIS,CLINTON,20171201,20180101,0229000,2017
16660,0,"CHARLESTON-MATTOON, IL",203B,S,0083000,0294515,0377075,0455800,0566425,IL,029,ILLINOIS,COLES,20171201,20180101,0101000,2009
16980,16974,"CHICAGO-NAPERVILLE-ELGIN, IL-IN-WI",203B,H,0309000,0365700,0468150,0565900,0703250,IL,031,ILLINOIS,COOK,20171201,20140101,0318000,2008
99999,0,NON-METRO,203B,S,0065000,0294515,0377075,0455800,0566425,IL,033,ILLINOIS,CRAWFORD,20171201,20180101,0076000,2014
16660,0,"CHARLESTON-MATTOON, IL",203B,S,0083000,0294515,0377075,0455800,0566425,IL,035,ILLINOIS,CUMBERLAND,20171201,20180101,0101000,2009
16980,20994,"CHICAGO-NAPERVILLE-ELGIN, IL-IN-WI",203B,H,0309000,0365700,0468150,0565900,0703250,IL,037,ILLINOIS,DEKALB,20171201,20140101,0318000,2008
14010,0,"BLOOMINGTON, IL",203B,S,0156000,0294515,0377075,0455800,0566425,IL,039,ILLINOIS,DE WITT,20171201,20180101,0162000,2008
99999,0,NON-METRO,203B,S,0104000,0294515,0377075,0455800,0566425,IL,041,ILLINOIS,DOUGLAS,20171201,20180101,0104000,2017
16980,16974,"CHICAGO-NAPERVILLE-ELGIN, IL-IN-WI",203B,H,0309000,0365700,0468150,0565900,0703250,IL,043,ILLINOIS,DUPAGE,20171201,20140101,0318000,2008
99999,0,NON-METRO,203B,S,0072000,0294515,0377075,0455800,0566425,IL,045,ILLINOIS,EDGAR,20171201,20180101,0076000,2016
99999,0,NON-METRO,203B,S,0075000,0294515,0377075,0455800,0566425,IL,047,ILLINOIS,EDWARDS,20171201,20180101,0075000,2017
20820,0,"EFFINGHAM, IL",203B,S,0110000,0294515,0377075,0455800,0566425,IL,049,ILLINOIS,EFFINGHAM,20171201,20180101,0134000,2009
99999,0,NON-METRO,203B,S,0089000,0294515,0377075,0455800,0566425,IL,051,ILLINOIS,FAYETTE,20171201,20180101,0089000,2017
16580,0,"CHAMPAIGN-URBANA, IL",203B,S,0154000,0294515,0377075,0455800,0566425,IL,053,ILLINOIS,FORD,20171201,20180101,0154000,2017
99999,0,NON-METRO,203B,S,0069000,0294515,0377075,0455800,0566425,IL,055,ILLINOIS,FRANKLIN,20171201,20180101,0069000,2016
15900,0,"CANTON, IL",203B,S,0066000,0294515,0377075,0455800,0566425,IL,057,ILLINOIS,FULTON,20171201,20180101,0084000,2009
99999,0,NON-METRO,203B,S,0025000,0294515,0377075,0455800,0566425,IL,059,ILLINOIS,GALLATIN,20171201,20180101,0063000,2009
99999,0,NON-METRO,203B,S,0079000,0294515,0377075,0455800,0566425,IL,061,ILLINOIS,GREENE,20171201,20180101,0098000,2015
16980,16974,"CHICAGO-NAPERVILLE-ELGIN, IL-IN-WI",203B,H,0309000,0365700,0468150,0565900,0703250,IL,063,ILLINOIS,GRUNDY,20171201,20140101,0318000,2008
99999,0,NON-METRO,203B,S,0083000,0294515,0377075,0455800,0566425,IL,065,ILLINOIS,HAMILTON,20171201,20180101,0083000,2017
22800,0,"FORT MADISON-KEOKUK, IA-IL-MO",203B,S,0093000,0294515,0377075,0455800,0566425,IL,067,ILLINOIS,HANCOCK,20171201,20180101,0097000,2016
99999,0,NON-METRO,203B,S,0072000,0294515,0377075,0455800,0566425,IL,069,ILLINOIS,HARDIN,20171201,20180101,0076000,2015
15460,0,"BURLINGTON, IA-IL",203B,S,0116000,0294515,0377075,0455800,0566425,IL,071,ILLINOIS,HENDERSON,20171201,20180101,0116000,2017
19340,0,"DAVENPORT-MOLINE-ROCK ISLAND, IA-IL",203B,S,0154000,0294515,0377075,0455800,0566425,IL,073,ILLINOIS,HENRY,20171201,20180101,0158000,2016
99999,0,NON-METRO,203B,S,0090000,0294515,0377075,0455800,0566425,IL,075,ILLINOIS,IROQUOIS,20171201,20180101,0111000,2009
16060,0,"CARBONDALE-MARION, IL",203B,S,0086000,0294515,0377075,0455800,0566425,IL,077,ILLINOIS,JACKSON,20171201,20180101,0110000,2009
99999,0,NON-METRO,203B,S,0116000,0294515,0377075,0455800,0566425,IL,079,ILLINOIS,JASPER,20171201,20180101,0118000,2016
34500,0,"MOUNT VERNON, IL",203B,S,0068000,0294515,0377075,0455800,0566425,IL,081,ILLINOIS,JEFFERSON,20171201,20180101,0093000,2009
41180,0,"ST. LOUIS, MO-IL",203B,S,0229000,0294515,0377075,0455800,0566425,IL,083,ILLINOIS,JERSEY,20171201,20180101,0229000,2017
99999,0,NON-METRO,203B,S,0124000,0294515,0377075,0455800,0566425,IL,085,ILLINOIS,JO DAVIESS,20171201,20180101,0135000,2008
99999,0,NON-METRO,203B,S,0096000,0294515,0377075,0455800,0566425,IL,087,ILLINOIS,JOHNSON,20171201,20180101,0105000,2009
16980,20994,"CHICAGO-NAPERVILLE-ELGIN, IL-IN-WI",203B,H,0309000,0365700,0468150,0565900,0703250,IL,089,ILLINOIS,KANE,20171201,20140101,0318000,2008
28100,0,"KANKAKEE, IL",203B,S,0129000,0294515,0377075,0455800,0566425,IL,091,ILLINOIS,KANKAKEE,20171201,20180101,0153000,2008
16980,16974,"CHICAGO-NAPERVILLE-ELGIN, IL-IN-WI",203B,H,0309000,0365700,0468150,0565900,0703250,IL,093,ILLINOIS,KENDALL,20171201,20140101,0318000,2008
23660,0,"GALESBURG, IL",203B,S,0075000,0294515,0377075,0455800,0566425,IL,095,ILLINOIS,KNOX,20171201,20180101,0089000,2008
16980,29404,"CHICAGO-NAPERVILLE-ELGIN, IL-IN-WI",203B,H,0309000,0365700,0468150,0565900,0703250,IL,097,ILLINOIS,LAKE,20171201,20140101,0318000,2008
36860,0,"OTTAWA-PERU, IL",203B,S,0126000,0294515,0377075,0455800,0566425,IL,099,ILLINOIS,LASALLE,20171201,20180101,0149000,2009
99999,0,NON-METRO,203B,S,0069000,0294515,0377075,0455800,0566425,IL,101,ILLINOIS,LAWRENCE,20171201,20180101,0074000,2009
19940,0,"DIXON, IL",203B,S,0060000,0294515,0377075,0455800,0566425,IL,103,ILLINOIS,LEE,20171201,20180101,0118000,2008
38700,0,"PONTIAC, IL",203B,S,0101000,0294515,0377075,0455800,0566425,IL,105,ILLINOIS,LIVINGSTON,20171201,20180101,0110000,2009
30660,0,"LINCOLN, IL",203B,S,0082000,0294515,0377075,0455800,0566425,IL,107,ILLINOIS,LOGAN,20171201,20180101,0102000,2009
31380,0,"MACOMB, IL",203B,S,0100000,0294515,0377075,0455800,0566425,IL,109,ILLINOIS,MCDONOUGH,20171201,20180101,0100000,2017
16980,16974,"CHICAGO-NAPERVILLE-ELGIN, IL-IN-WI",203B,H,0309000,0365700,0468150,0565900,0703250,IL,111,ILLINOIS,MCHENRY,20171201,20140101,0318000,2008
14010,0,"BLOOMINGTON, IL",203B,S,0156000,0294515,0377075,0455800,0566425,IL,113,ILLINOIS,MCLEAN,20171201,20180101,0162000,2008
19500,0,"DECATUR, IL",203B,S,0080000,0294515,0377075,0455800,0566425,IL,115,ILLINOIS,MACON,20171201,20180101,0100000,2008
41180,0,"ST. LOUIS, MO-IL",203B,S,0229000,0294515,0377075,0455800,0566425,IL,117,ILLINOIS,MACOUPIN,20171201,20180101,0229000,2017
41180,0,"ST. LOUIS, MO-IL",203B,S,0229000,0294515,0377075,0455800,0566425,IL,119,ILLINOIS,MADISON,20171201,20180101,0229000,2017
16460,0,"CENTRALIA, IL",203B,S,0049000,0294515,0377075,0455800,0566425,IL,121,ILLINOIS,MARION,20171201,20180101,0073000,2009
37900,0,"PEORIA, IL",203B,S,0130000,0294515,0377075,0455800,0566425,IL,123,ILLINOIS,MARSHALL,20171201,20180101,0150000,2012
99999,0,NON-METRO,203B,S,0085000,0294515,0377075,0455800,0566425,IL,125,ILLINOIS,MASON,20171201,20180101,0086000,2015
37140,0,"PADUCAH, KY-IL",203B,S,0141000,0294515,0377075,0455800,0566425,IL,127,ILLINOIS,MASSAC,20171201,20180101,0141000,2017
44100,0,"SPRINGFIELD, IL",203B,S,0128000,0294515,0377075,0455800,0566425,IL,129,ILLINOIS,MENARD,20171201,20180101,0134000,2010
19340,0,"DAVENPORT-MOLINE-ROCK ISLAND, IA-IL",203B,S,0154000,0294515,0377075,0455800,0566425,IL,131,ILLINOIS,MERCER,20171201,20180101,0158000,2016
41180,0,"ST. LOUIS, MO-IL",203B,S,0229000,0294515,0377075,0455800,0566425,IL,133,ILLINOIS,MONROE,20171201,20180101,0229000,2017
99999,0,NON-METRO,203B,S,0064000,0294515,0377075,0455800,0566425,IL,135,ILLINOIS,MONTGOMERY,20171201,20180101,0076000,2009
27300,0,"JACKSONVILLE, IL",203B,S,0238000,0294515,0377075,0455800,0566425,IL,137,ILLINOIS,MORGAN,20171201,20180101,0238000,2017
99999,0,NON-METRO,203B,S,0080000,0294515,0377075,0455800,0566425,IL,139,ILLINOIS,MOULTRIE,20171201,20180101,0110000,2009
40300,0,"ROCHELLE, IL",203B,S,0120000,0294515,0377075,0455800,0566425,IL,141,ILLINOIS,OGLE,20171201,20180101,0151000,2008
37900,0,"PEORIA, IL",203B,S,0130000,0294515,0377075,0455800,0566425,IL,143,ILLINOIS,PEORIA,20171201,20180101,0150000,2012
99999,0,NON-METRO,203B,S,0060000,0294515,0377075,0455800,0566425,IL,145,ILLINOIS,PERRY,20171201,20180101,0084000,2009
16580,0,"CHAMPAIGN-URBANA, IL",203B,S,0154000,0294515,0377075,0455800,0566425,IL,147,ILLINOIS,PIATT,20171201,20180101,0154000,2017
99999,0,NON-METRO,203B,S,0086000,0294515,0377075,0455800,0566425,IL,149,ILLINOIS,PIKE,20171201,20180101,0086000,2017
99999,0,NON-METRO,203B,S,0106000,0294515,0377075,0455800,0566425,IL,151,ILLINOIS,POPE,20171201,20180101,0142000,2016
99999,0,NON-METRO,203B,S,0063000,0294515,0377075,0455800,0566425,IL,153,ILLINOIS,PULASKI,20171201,20180101,0063000,2017
36860,0,"OTTAWA-PERU, IL",203B,S,0126000,0294515,0377075,0455800,0566425,IL,155,ILLINOIS,PUTNAM,20171201,20180101,0149000,2009
99999,0,NON-METRO,203B,S,0050000,0294515,0377075,0455800,0566425,IL,157,ILLINOIS,RANDOLPH,20171201,20180101,0081000,2009
99999,0,NON-METRO,203B,S,0080000,0294515,0377075,0455800,0566425,IL,159,ILLINOIS,RICHLAND,20171201,20180101,0088000,2009
