msa-code,metro-code,metro-name,program,limit-type,median-price,limit-1-unit,limit-2-units,limit-3-units,limit-4-units,state,county-fips,state-name,county-name,county-transaction-date,limit-transaction-date,median-price-determining-limit,year-for-median-determining-limit
,,,ZZ203,S,,0636150,0814500,0984525,1223475,,,,,,20161129,,
,,,203B,S,,0275665,0352950,0426625,0530150,,,,,,20161129,,
99999,00000,NON-METRO,203B,S,0137000,0275665,0352950,0426625,0530150,AK,013,ALASKA,ALEUTIANS EAST,20161129,20170101,0214000,2013
99999,00000,NON-METRO,203B,H,0239000,0385250,0493200,0596150,0740850,AK,016,ALASKA,ALEUTIANS WEST,20161129,20140101,0335000,2013
11260,00000,"ANCHORAGE, AK",203B,H,0345000,0396750,0507900,0613950,0763000,AK,020,ALASKA,ANCHORAGE MUNIC,20161129,20170101,0345000,2016
99999,00000,NON-METRO,203B,S,0207000,0275665,0352950,0426625,0530150,AK,050,ALASKA,BETHEL CENSUS A,20161129,20170101,0208000,2015
99999,00000,NON-METRO,203B,H,0229000,0313950,0401900,0485800,0603750,AK,060,ALASKA,BRISTOL BAY BOR,20161129,20160101,0273000,2015
99999,00000,NON-METRO,203B,H,0219000,0297850,0381300,0460900,0572800,AK,068,ALASKA,DENALI BOROUGH,20161129,20140101,0259000,2013
99999,00000,NON-METRO,203B,S,0222000,0275665,0352950,0426625,0530150,AK,070,ALASKA,DILLINGHAM CENS,20161129,20170101,0222000,2016
21820,00000,"FAIRBANKS, AK",203B,S,0231000,0275665,0352950,0426625,0530150,AK,090,ALASKA,FAIRBANKS NORTH,20161129,20170101,0239000,2013
99999,00000,NON-METRO,203B,H,0169000,0284050,0363600,0439550,0546250,AK,100,ALASKA,HAINES BOROUGH,20161129,20130101,0247000,2012
99999,00000,NON-METRO,203B,H,0245000,0281750,0360700,0436000,0541800,AK,105,ALASKA,HOONAH-ANGOON C,20161129,20170101,0245000,2016
27940,00000,"JUNEAU, AK",203B,H,0370000,0425500,0544700,0658450,0818250,AK,110,ALASKA,JUNEAU CITY AND,20161129,20170101,0370000,2016
99999,00000,NON-METRO,203B,S,0219000,0275665,0352950,0426625,0530150,AK,122,ALASKA,KENAI PENINSULA,20161129,20170101,0219000,2016
28540,00000,"KETCHIKAN, AK",203B,H,0283000,0325450,0416600,0503600,0625850,AK,130,ALASKA,KETCHIKAN GATEW,20161129,20170101,0283000,2016
99999,00000,NON-METRO,203B,H,0320000,0381800,0488750,0590800,0734250,AK,150,ALASKA,KODIAK ISLAND B,20161129,20140101,0332000,2013
99999,00000,NON-METRO,203B,S,0134000,0275665,0352950,0426625,0530150,AK,158,ALASKA,KUSILVAK CENSUS,20161121,20170101,0161000,2013
99999,00000,NON-METRO,203B,S,0164000,0275665,0352950,0426625,0530150,AK,164,ALASKA,LAKE AND PENINS,20161129,20170101,0164000,2016
11260,00000,"ANCHORAGE, AK",203B,H,0345000,0396750,0507900,0613950,0763000,AK,170,ALASKA,MATANUSKA-SUSIT,20161129,20170101,0345000,2016
99999,00000,NON-METRO,203B,H,0307000,0353050,0451950,0546300,0678950,AK,180,ALASKA,NOME CENSUS ARE,20161129,20170101,0307000,2016
99999,00000,NON-METRO,203B,H,0171000,0332350,0425450,0514300,0639150,AK,185,ALASKA,NORTH SLOPE BOR,20161129,20140101,0289000,2013
99999,00000,NON-METRO,203B,S,0204000,0275665,0352950,0426625,0530150,AK,188,ALASKA,NORTHWEST ARCTI,20161129,20170101,0204000,2016
99999,00000,NON-METRO,203B,H,0252000,0332350,0425450,0514300,0639150,AK,195,ALASKA,PETERSBURG CENS,20161129,20140101,0289000,2013
99999,00000,NON-METRO,203B,S,0182000,0275665,0352950,0426625,0530150,AK,198,ALASKA,PRINCE OF WALES,20161129,20170101,0225000,2013
99999,00000,NON-METRO,203B,H,0349000,0451950,0578550,0699350,0869150,AK,220,ALASKA,SITKA CITY AND,20161129,20150101,0393000,2014
99999,00000,NON-METRO,203B,H,0361000,0415150,0531450,0642400,0798350,AK,230,ALASKA,SKAGWAY MUNICIP,20161129,20170101,0361000,2016
99999,00000,NON-METRO,203B,S,0228000,0275665,0352950,0426625,0530150,AK,240,ALASKA,SOUTHEAST FAIRB,20161129,20170101,0228000,2016
99999,00000,NON-METRO,203B,H,0216000,0293250,0375400,0453750,0563950,AK,261,ALASKA,VALDEZ-CORDOVA,20161129,20140101,0255000,2013
99999,00000,NON-METRO,203B,H,0187000,0332350,0425450,0514300,0639150,AK,275,ALASKA,WRANGELL CITY A,20161129,20140101,0289000,2013
99999,00000,NON-METRO,203B,H,0156000,0420900,0538800,0651300,0809450,AK,282,ALASKA,YAKUTAT CITY AN,20161129,20140101,0366000,2013
99999,00000,NON-METRO,203B,S,0113000,0275665,0352950,0426625,0530150,AK,290,ALASKA,YUKON-KOYUKUK C,20161129,20170101,0117000,2015
33860,00000,"MONTGOMERY, AL",203B,S,0147000,0275665,0352950,0426625,0530150,AL,001,ALABAMA,AUTAUGA,20161129,20170101,0172000,2011
19300,00000,"DAPHNE-FAIRHOPE-FOLEY, AL",203B,S,0171000,0275665,0352950,0426625,0530150,AL,003,ALABAMA,BALDWIN,20161129,20170101,0195000,2008
99999,00000,NON-METRO,203B,S,0092000,0275665,0352950,0426625,0530150,AL,005,ALABAMA,BARBOUR,20161129,20161129,0126000,2010
13820,00000,"BIRMINGHAM-HOOVER, AL",203B,S,0187000,0275665,0352950,0426625,0530150,AL,007,ALABAMA,BIBB,20161129,20170101,0187000,2015
13820,00000,"BIRMINGHAM-HOOVER, AL",203B,S,0187000,0275665,0352950,0426625,0530150,AL,009,ALABAMA,BLOUNT,20161129,20170101,0187000,2015
99999,00000,NON-METRO,203B,S,0071000,0275665,0352950,0426625,0530150,AL,011,ALABAMA,BULLOCK,20161129,20170101,0076000,2010
99999,00000,NON-METRO,203B,S,0078000,0275665,0352950,0426625,0530150,AL,013,ALABAMA,BUTLER,20161129,20170101,0081000,2010
11500,00000,"ANNISTON-OXFORD-JACKSONVILLE, AL",203B,S,0113000,0275665,0352950,0426625,0530150,AL,015,ALABAMA,CALHOUN,20161129,20170101,0114000,2014
46740,00000,"VALLEY, AL",203B,S,0056000,0275665,0352950,0426625,0530150,AL,017,ALABAMA,CHAMBERS,20161129,20170101,0098000,2010
99999,00000,NON-METRO,203B,S,0098000,0275665,0352950,0426625,0530150,AL,019,ALABAMA,CHEROKEE,20161129,20170101,0109000,2010
13820,00000,"BIRMINGHAM-HOOVER, AL",203B,S,0187000,0275665,0352950,0426625,0530150,AL,021,ALABAMA,CHILTON,20161129,20170101,0187000,2015
99999,00000,NON-METRO,203B,S,0061000,0275665,0352950,0426625,0530150,AL,023,ALABAMA,CHOCTAW,20161129,20170101,0084000,2010
99999,00000,NON-METRO,203B,S,0087000,0275665,0352950,0426625,0530150,AL,025,ALABAMA,CLARKE,20161129,20170101,0113000,2010
99999,00000,NON-METRO,203B,S,0053000,0275665,0352950,0426625,0530150,AL,027,ALABAMA,CLAY,20161129,20170101,0087000,2010
99999,00000,NON-METRO,203B,S,0104000,0275665,0352950,0426625,0530150,AL,029,ALABAMA,CLEBURNE,20161129,20170101,0107000,2010
21460,00000,"ENTERPRISE, AL",203B,S,0123000,0275665,0352950,0426625,0530150,AL,031,ALABAMA,COFFEE,20161129,20170101,0136000,2014
22520,00000,"FLORENCE-MUSCLE SHOALS, AL",203B,S,0154000,0275665,0352950,0426625,0530150,AL,033,ALABAMA,COLBERT,20161129,20170101,0154000,2015
99999,00000,NON-METRO,203B,S,0068000,0275665,0352950,0426625,0530150,AL,035,ALABAMA,CONECUH,20161129,20170101,0078000,2010
45180,00000,"TALLADEGA-SYLACAUGA, AL",203B,S,0101000,0275665,0352950,0426625,0530150,AL,037,ALABAMA,COOSA,20161129,20170101,0147000,2012
99999,00000,NON-METRO,203B,S,0074000,0275665,0352950,0426625,0530150,AL,039,ALABAMA,COVINGTON,20161129,20170101,0082000,2009
99999,00000,NON-METRO,203B,S,0070000,0275665,0352950,0426625,0530150,AL,041,ALABAMA,CRENSHAW,20161129,20170101,0072000,2015
18980,00000,"CULLMAN, AL",203B,S,0096000,0275665,0352950,0426625,0530150,AL,043,ALABAMA,CULLMAN,20161129,20170101,0114000,2008
37120,00000,"OZARK, AL",203B,S,0069000,0275665,0352950,0426625,0530150,AL,045,ALABAMA,DALE,20161129,20161129,0118000,2013
42820,00000,"SELMA, AL",203B,S,0082000,0275665,0352950,0426625,0530150,AL,047,ALABAMA,DALLAS,20161129,20170101,0097000,2010
99999,00000,NON-METRO,203B,S,0097000,0275665,0352950,0426625,0530150,AL,049,ALABAMA,DEKALB,20161129,20161129,0107000,2014
33860,00000,"MONTGOMERY, AL",203B,S,0147000,0275665,0352950,0426625,0530150,AL,051,ALABAMA,ELMORE,20161129,20170101,0172000,2011
99999,00000,NON-METRO,203B,S,0102000,0275665,0352950,0426625,0530150,AL,053,ALABAMA,ESCAMBIA,20161129,20170101,0102000,2016
23460,00000,"GADSDEN, AL",203B,S,0114000,0275665,0352950,0426625,0530150,AL,055,ALABAMA,ETOWAH,20161129,20170101,0116000,2009
99999,00000,NON-METRO,203B,S,0075000,0275665,0352950,0426625,0530150,AL,057,ALABAMA,FAYETTE,20161129,20170101,0111000,2010
99999,00000,NON-METRO,203B,S,0061000,0275665,0352950,0426625,0530150,AL,059,ALABAMA,FRANKLIN,20161129,20170101,0092000,2010
20020,00000,"DOTHAN, AL",203B,S,0119000,0275665,0352950,0426625,0530150,AL,061,ALABAMA,GENEVA,20161129,20170101,0182000,2009
99999,00000,NON-METRO,203B,S,0071000,0275665,0352950,0426625,0530150,AL,063,ALABAMA,GREENE,20161129,20161129,0157000,2008
46220,00000,"TUSCALOOSA, AL",203B,H,0287000,0331200,0424000,0512500,0636900,AL,065,ALABAMA,HALE,20161129,20160101,0288000,2015
20020,00000,"DOTHAN, AL",203B,S,0119000,0275665,0352950,0426625,0530150,AL,067,ALABAMA,HENRY,20161129,20170101,0182000,2009
20020,00000,"DOTHAN, AL",203B,S,0119000,0275665,0352950,0426625,0530150,AL,069,ALABAMA,HOUSTON,20161129,20170101,0182000,2009
42460,00000,"SCOTTSBORO, AL",203B,S,0104000,0275665,0352950,0426625,0530150,AL,071,ALABAMA,JACKSON,20161129,20170101,0104000,2016
13820,00000,"BIRMINGHAM-HOOVER, AL",203B,S,0187000,0275665,0352950,0426625,0530150,AL,073,ALABAMA,JEFFERSON,20161129,20170101,0187000,2015
99999,00000,NON-METRO,203B,S,0069000,0275665,0352950,0426625,0530150,AL,075,ALABAMA,LAMAR,20161129,20170101,0096000,2010
22520,00000,"FLORENCE-MUSCLE SHOALS, AL",203B,S,0154000,0275665,0352950,0426625,0530150,AL,077,ALABAMA,LAUDERDALE,20161129,20170101,0154000,2015
19460,00000,"DECATUR, AL",203B,S,0101000,0275665,0352950,0426625,0530150,AL,079,ALABAMA,LAWRENCE,20161129,20170101,0156000,2015
12220,00000,"AUBURN-OPELIKA, AL",203B,S,0145000,0275665,0352950,0426625,0530150,AL,081,ALABAMA,LEE,20161129,20170101,0182000,2010
26620,00000,"HUNTSVILLE, AL",203B,S,0159000,0275665,0352950,0426625,0530150,AL,083,ALABAMA,LIMESTONE,20161129,20170101,0195000,2008
33860,00000,"MONTGOMERY, AL",203B,S,0147000,0275665,0352950,0426625,0530150,AL,085,ALABAMA,LOWNDES,20161129,20170101,0172000,2011
99999,00000,NON-METRO,203B,S,0076000,0275665,0352950,0426625,0530150,AL,087,ALABAMA,MACON,20161129,20161129,0108000,2010
26620,00000,"HUNTSVILLE, AL",203B,S,0159000,0275665,0352950,0426625,0530150,AL,089,ALABAMA,MADISON,20161129,20170101,0195000,2008
99999,00000,NON-METRO,203B,S,0092000,0275665,0352950,0426625,0530150,AL,091,ALABAMA,MARENGO,20161129,20170101,0103000,2015
99999,00000,NON-METRO,203B,S,0071000,0275665,0352950,0426625,0530150,AL,093,ALABAMA,MARION,20161129,20170101,0099000,2015
10700,00000,"ALBERTVILLE, AL",203B,S,0094000,0275665,0352950,0426625,0530150,AL,095,ALABAMA,MARSHALL,20161129,20170101,0101000,2009
33660,00000,"MOBILE, AL",203B,S,0100000,0275665,0352950,0426625,0530150,AL,097,ALABAMA,MOBILE,20161129,20170101,0145000,2008
99999,00000,NON-METRO,203B,S,0046000,0275665,0352950,0426625,0530150,AL,099,ALABAMA,MONROE,20161129,20170101,0107000,2010
33860,00000,"MONTGOMERY, AL",203B,S,0147000,0275665,0352950,0426625,0530150,AL,101,ALABAMA,MONTGOMERY,20161129,20170101,0172000,2011
19460,00000,"DECATUR, AL",203B,S,0101000,0275665,0352950,0426625,0530150,AL,103,ALABAMA,MORGAN,20161129,20170101,0156000,2015
99999,00000,NON-METRO,203B,S,0076000,0275665,0352950,0426625,0530150,AL,105,ALABAMA,PERRY,20161129,20170101,0076000,2016
46220,00000,"TUSCALOOSA, AL",203B,H,0287000,0331200,0424000,0512500,0636900,AL,107,ALABAMA,PICKENS,20161129,20160101,0288000,2015
45980,00000,"TROY, AL",203B,S,0105000,0275665,0352950,0426625,0530150,AL,109,ALABAMA,PIKE,20161129,20170101,0112000,2010
99999,00000,NON-METRO,203B,S,0092000,0275665,0352950,0426625,0530150,AL,111,ALABAMA,RANDOLPH,20161129,20170101,0092000,2016
17980,00000,"COLUMBUS, GA-AL",203B,H,0187000,0289800,0371000,0448450,0557300,AL,113,ALABAMA,RUSSELL,20161129,20100101,0252000,2009
13820,00000,"BIRMINGHAM-HOOVER, AL",203B,S,0187000,0275665,0352950,0426625,0530150,AL,115,ALABAMA,ST. CLAIR,20161129,20170101,0187000,2015
13820,00000,"BIRMINGHAM-HOOVER, AL",203B,S,0187000,0275665,0352950,0426625,0530150,AL,117,ALABAMA,SHELBY,20161129,20170101,0187000,2015
99999,00000,NON-METRO,203B,S,0075000,0275665,0352950,0426625,0530150,AL,119,ALABAMA,SUMTER,20161129,20170101,0076000,2010
45180,00000,"TALLADEGA-SYLACAUGA, AL",203B,S,0101000,0275665,0352950,0426625,0530150,AL,121,ALABAMA,TALLADEGA,20161129,20170101,0158000,2009
99999,00000,NON-METRO,203B,S,0195000,0275665,0352950,0426625,0530150,AL,123,ALABAMA,TALLAPOOSA,20161129,20161129,0195000,2016
46220,00000,"TUSCALOOSA, AL",203B,H,0287000,0331200,0424000,0512500,0636900,AL,125,ALABAMA,TUSCALOOSA,20161129,20160101,0288000,2015
13820,00000,"BIRMINGHAM-HOOVER, AL",203B,S,0187000,0275665,0352950,0426625,0530150,AL,127,ALABAMA,WALKER,20161129,20170101,0187000,2015
99999,00000,NON-METRO,203B,S,0089000,0275665,0352950,0426625,0530150,AL,129,ALABAMA,WASHINGTON,20161129,20170101,0105000,2010
99999,00000,NON-METRO,203B,S,0075000,0275665,0352950,0426625,0530150,AL,131,ALABAMA,WILCOX,20161129,20170101,0094000,2010
99999,00000,NON-METRO,203B,S,0079000,0275665,0352950,0426625,0530150,AL,133,ALABAMA,WINSTON,20161129,20170101,0088000,2009
99999,00000,NON-METRO,203B,S,0061000,0275665,0352950,0426625,0530150,AR,001,ARKANSAS,ARKANSAS,20161129,20170101,0083000,2014
99999,00000,NON-METRO,203B,S,0050000,0275665,0352950,0426625,0530150,AR,003,ARKANSAS,ASHLEY,20161129,20170101,0079000,2013
34260,00000,"MOUNTAIN HOME, AR",203B,S,0090000,0275665,0352950,0426625,0530150,AR,005,ARKANSAS,BAXTER,20161129,20170101,0123000,2014
22220,00000,"FAYETTEVILLE-SPRINGDALE-ROGERS, AR-MO",203B,S,0170000,0275665,0352950,0426625,0530150,AR,007,ARKANSAS,BENTON,20161129,20170101,0174000,2009
25460,00000,"HARRISON, AR",203B,S,0100000,0275665,0352950,0426625,0530150,AR,009,ARKANSAS,BOONE,20161129,20170101,0105000,2015
99999,00000,NON-METRO,203B,S,0045000,0275665,0352950,0426625,0530150,AR,011,ARKANSAS,BRADLEY,20161129,20170101,0064000,2008
15780,00000,"CAMDEN, AR",203B,S,0070000,0275665,0352950,0426625,0530150,AR,013,ARKANSAS,CALHOUN,20161129,20170101,0173000,2009
99999,00000,NON-METRO,203B,S,0112000,0275665,0352950,0426625,0530150,AR,015,ARKANSAS,CARROLL,20161129,20170101,0138000,2010
99999,00000,NON-METRO,203B,S,0057000,0275665,0352950,0426625,0530150,AR,017,ARKANSAS,CHICOT,20161129,20170101,0119000,2008
11660,00000,"ARKADELPHIA, AR",203B,S,0068000,0275665,0352950,0426625,0530150,AR,019,ARKANSAS,CLARK,20161129,20170101,0095000,2008
99999,00000,NON-METRO,203B,S,0043000,0275665,0352950,0426625,0530150,AR,021,ARKANSAS,CLAY,20161129,20170101,0072000,2014
99999,00000,NON-METRO,203B,S,0118000,0275665,0352950,0426625,0530150,AR,023,ARKANSAS,CLEBURNE,20161129,20170101,0118000,2016
38220,00000,"PINE BLUFF, AR",203B,S,0074000,0275665,0352950,0426625,0530150,AR,025,ARKANSAS,CLEVELAND,20161129,20170101,0094000,2009
31620,00000,"MAGNOLIA, AR",203B,S,0074000,0275665,0352950,0426625,0530150,AR,027,ARKANSAS,COLUMBIA,20161129,20170101,0110000,2009
99999,00000,NON-METRO,203B,S,0066000,0275665,0352950,0426625,0530150,AR,029,ARKANSAS,CONWAY,20161129,20170101,0102000,2009
27860,00000,"JONESBORO, AR",203B,S,0133000,0275665,0352950,0426625,0530150,AR,031,ARKANSAS,CRAIGHEAD,20161129,20170101,0133000,2016
22900,00000,"FORT SMITH, AR-OK",203B,S,0108000,0275665,0352950,0426625,0530150,AR,033,ARKANSAS,CRAWFORD,20161129,20170101,0117000,2009
32820,00000,"MEMPHIS, TN-MS-AR",203B,S,0171000,0275665,0352950,0426625,0530150,AR,035,ARKANSAS,CRITTENDEN,20161129,20170101,0176000,2008
99999,00000,NON-METRO,203B,S,0085000,0275665,0352950,0426625,0530150,AR,037,ARKANSAS,CROSS,20161129,20170101,0099000,2008
99999,00000,NON-METRO,203B,S,0038000,0275665,0352950,0426625,0530150,AR,039,ARKANSAS,DALLAS,20161129,20170101,0083000,2008
99999,00000,NON-METRO,203B,S,0037000,0275665,0352950,0426625,0530150,AR,041,ARKANSAS,DESHA,20161129,20170101,0057000,2012
99999,00000,NON-METRO,203B,S,0092000,0275665,0352950,0426625,0530150,AR,043,ARKANSAS,DREW,20161129,20170101,0092000,2016
30780,00000,"LITTLE ROCK-NORTH LITTLE ROCK-CONWAY, A",203B,S,0155000,0275665,0352950,0426625,0530150,AR,045,ARKANSAS,FAULKNER,20161129,20170101,0168000,2009
99999,00000,NON-METRO,203B,S,0124000,0275665,0352950,0426625,0530150,AR,047,ARKANSAS,FRANKLIN,20161129,20161129,0124000,2016
99999,00000,NON-METRO,203B,S,0092000,0275665,0352950,0426625,0530150,AR,049,ARKANSAS,FULTON,20161129,20170101,0100000,2014
26300,00000,"HOT SPRINGS, AR",203B,S,0121000,0275665,0352950,0426625,0530150,AR,051,ARKANSAS,GARLAND,20161129,20170101,0136000,2008
30780,00000,"LITTLE ROCK-NORTH LITTLE ROCK-CONWAY, A",203B,S,0155000,0275665,0352950,0426625,0530150,AR,053,ARKANSAS,GRANT,20161129,20170101,0168000,2009
37500,00000,"PARAGOULD, AR",203B,S,0100000,0275665,0352950,0426625,0530150,AR,055,ARKANSAS,GREENE,20161129,20170101,0100000,2016
99999,00000,NON-METRO,203B,S,0063000,0275665,0352950,0426625,0530150,AR,057,ARKANSAS,HEMPSTEAD,20161129,20161129,0070000,2011
31680,00000,"MALVERN, AR",203B,S,0089000,0275665,0352950,0426625,0530150,AR,059,ARKANSAS,HOT SPRING,20161129,20161129,0091000,2013
99999,00000,NON-METRO,203B,S,0081000,0275665,0352950,0426625,0530150,AR,061,ARKANSAS,HOWARD,20161129,20170101,0081000,2016
12900,00000,"BATESVILLE, AR",203B,S,0075000,0275665,0352950,0426625,0530150,AR,063,ARKANSAS,INDEPENDENCE,20161129,20170101,0097000,2008
99999,00000,NON-METRO,203B,S,0078000,0275665,0352950,0426625,0530150,AR,065,ARKANSAS,IZARD,20161129,20170101,0078000,2011
99999,00000,NON-METRO,203B,S,0046000,0275665,0352950,0426625,0530150,AR,067,ARKANSAS,JACKSON,20161129,20170101,0066000,2008
38220,00000,"PINE BLUFF, AR",203B,S,0074000,0275665,0352950,0426625,0530150,AR,069,ARKANSAS,JEFFERSON,20161129,20170101,0094000,2009
99999,00000,NON-METRO,203B,S,0079000,0275665,0352950,0426625,0530150,AR,071,ARKANSAS,JOHNSON,20161129,20170101,0090000,2015
99999,00000,NON-METRO,203B,S,0030000,0275665,0352950,0426625,0530150,AR,073,ARKANSAS,LAFAYETTE,20161129,20170101,0064000,2012
99999,00000,NON-METRO,203B,S,0040000,0275665,0352950,0426625,0530150,AR,075,ARKANSAS,LAWRENCE,20161129,20170101,0058000,2008
99999,00000,NON-METRO,203B,S,0043000,0275665,0352950,0426625,0530150,AR,077,ARKANSAS,LEE,20161129,20170101,0054000,2014
38220,00000,"PINE BLUFF, AR",203B,S,0074000,0275665,0352950,0426625,0530150,AR,079,ARKANSAS,LINCOLN,20161129,20170101,0094000,2009
45500,00000,"TEXARKANA, TX-AR",203B,S,0129000,0275665,0352950,0426625,0530150,AR,081,ARKANSAS,LITTLE RIVER,20161129,20170101,0137000,2014
99999,00000,NON-METRO,203B,S,0060000,0275665,0352950,0426625,0530150,AR,083,ARKANSAS,LOGAN,20161129,20170101,0084000,2015
30780,00000,"LITTLE ROCK-NORTH LITTLE ROCK-CONWAY, A",203B,S,0155000,0275665,0352950,0426625,0530150,AR,085,ARKANSAS,LONOKE,20161129,20170101,0168000,2009
22220,00000,"FAYETTEVILLE-SPRINGDALE-ROGERS, AR-MO",203B,S,0170000,0275665,0352950,0426625,0530150,AR,087,ARKANSAS,MADISON,20161129,20170101,0174000,2009
99999,00000,NON-METRO,203B,S,0100000,0275665,0352950,0426625,0530150,AR,089,ARKANSAS,MARION,20161129,20170101,0100000,2016
45500,00000,"TEXARKANA, TX-AR",203B,S,0129000,0275665,0352950,0426625,0530150,AR,091,ARKANSAS,MILLER,20161129,20170101,0137000,2014
14180,00000,"BLYTHEVILLE, AR",203B,S,0040000,0275665,0352950,0426625,0530150,AR,093,ARKANSAS,MISSISSIPPI,20161129,20170101,0090000,2011
99999,00000,NON-METRO,203B,S,0036000,0275665,0352950,0426625,0530150,AR,095,ARKANSAS,MONROE,20161129,20170101,0060000,2013
99999,00000,NON-METRO,203B,S,0052000,0275665,0352950,0426625,0530150,AR,097,ARKANSAS,MONTGOMERY,20161129,20170101,0077000,2013
99999,00000,NON-METRO,203B,S,0022000,0275665,0352950,0426625,0530150,AR,099,ARKANSAS,NEVADA,20161129,20161129,0070000,2011
25460,00000,"HARRISON, AR",203B,S,0100000,0275665,0352950,0426625,0530150,AR,101,ARKANSAS,NEWTON,20161129,20170101,0105000,2015
15780,00000,"CAMDEN, AR",203B,S,0070000,0275665,0352950,0426625,0530150,AR,103,ARKANSAS,OUACHITA,20161129,20170101,0173000,2009
30780,00000,"LITTLE ROCK-NORTH LITTLE ROCK-CONWAY, A",203B,S,0155000,0275665,0352950,0426625,0530150,AR,105,ARKANSAS,PERRY,20161129,20170101,0168000,2009
25760,00000,"HELENA-WEST HELENA, AR",203B,S,0030000,0275665,0352950,0426625,0530150,AR,107,ARKANSAS,PHILLIPS,20161129,20161129,0065000,2013
99999,00000,NON-METRO,203B,S,0055000,0275665,0352950,0426625,0530150,AR,109,ARKANSAS,PIKE,20161129,20170101,0079000,2014
27860,00000,"JONESBORO, AR",203B,S,0133000,0275665,0352950,0426625,0530150,AR,111,ARKANSAS,POINSETT,20161129,20170101,0133000,2016
99999,00000,NON-METRO,203B,S,0073000,0275665,0352950,0426625,0530150,AR,113,ARKANSAS,POLK,20161129,20170101,0083000,2008
40780,00000,"RUSSELLVILLE, AR",203B,S,0105000,0275665,0352950,0426625,0530150,AR,115,ARKANSAS,POPE,20161129,20170101,0111000,2013
99999,00000,NON-METRO,203B,S,0068000,0275665,0352950,0426625,0530150,AR,117,ARKANSAS,PRAIRIE,20161129,20170101,0096000,2013
30780,00000,"LITTLE ROCK-NORTH LITTLE ROCK-CONWAY, A",203B,S,0155000,0275665,0352950,0426625,0530150,AR,119,ARKANSAS,PULASKI,20161129,20170101,0168000,2009
99999,00000,NON-METRO,203B,S,0075000,0275665,0352950,0426625,0530150,AR,121,ARKANSAS,RANDOLPH,20161129,20170101,0075000,2016
22620,00000,"FORREST CITY, AR",203B,S,0051000,0275665,0352950,0426625,0530150,AR,123,ARKANSAS,ST. FRANCIS,20161129,20170101,0051000,2016
30780,00000,"LITTLE ROCK-NORTH LITTLE ROCK-CONWAY, A",203B,S,0155000,0275665,0352950,0426625,0530150,AR,125,ARKANSAS,SALINE,20161129,20170101,0168000,2009
99999,00000,NON-METRO,203B,S,0059000,0275665,0352950,0426625,0530150,AR,127,ARKANSAS,SCOTT,20161129,20170101,0064000,2008
99999,00000,NON-METRO,203B,S,0060000,0275665,0352950,0426625,0530150,AR,129,ARKANSAS,SEARCY,20161129,20170101,0068000,2010
22900,00000,"FORT SMITH, AR-OK",203B,S,0108000,0275665,0352950,0426625,0530150,AR,131,ARKANSAS,SEBASTIAN,20161129,20170101,0117000,2009
99999,00000,NON-METRO,203B,S,0069000,0275665,0352950,0426625,0530150,AR,133,ARKANSAS,SEVIER,20161129,20170101,0072000,2008
99999,00000,NON-METRO,203B,S,0050000,0275665,0352950,0426625,0530150,AR,135,ARKANSAS,SHARP,20161129,20170101,0063000,2008
99999,00000,NON-METRO,203B,S,0096000,0275665,0352950,0426625,0530150,AR,137,ARKANSAS,STONE,20161129,20170101,0096000,2013
20980,00000,"EL DORADO, AR",203B,S,0070000,0275665,0352950,0426625,0530150,AR,139,ARKANSAS,UNION,20161129,20170101,0115000,2009
99999,00000,NON-METRO,203B,S,0063000,0275665,0352950,0426625,0530150,AR,141,ARKANSAS,VAN BUREN,20161129,20170101,0080000,2009
22220,00000,"FAYETTEVILLE-SPRINGDALE-ROGERS, AR-MO",203B,S,0170000,0275665,0352950,0426625,0530150,AR,143,ARKANSAS,WASHINGTON,20161129,20170101,0174000,2009
42620,00000,"SEARCY, AR",203B,S,0110000,0275665,0352950,0426625,0530150,AR,145,ARKANSAS,WHITE,20161129,20170101,0119000,2009
99999,00000,NON-METRO,203B,S,0054000,0275665,0352950,0426625,0530150,AR,147,ARKANSAS,WOODRUFF,20161129,20170101,0066000,2013
40780,00000,"RUSSELLVILLE, AR",203B,S,0105000,0275665,0352950,0426625,0530150,AR,149,ARKANSAS,YELL,20161129,20170101,0111000,2013
99999,00000,NON-METRO,203B,S,0089000,0275665,0352950,0426625,0530150,AS,010,AMERICAN SAMOA,EASTERN DISTRIC,20161129,20170101,0122000,2008
99999,00000,NON-METRO,203B,S,0076000,0275665,0352950,0426625,0530150,AS,020,AMERICAN SAMOA,MANU'A DISTRICT,20161129,20170101,0230000,2008
99999,00000,NON-METRO,203B,S,0090000,0275665,0352950,0426625,0530150,AS,030,AMERICAN SAMOA,ROSE ISLAND,20161129,20170101,0128000,2008
99999,00000,NON-METRO,203B,S,0024000,0275665,0352950,0426625,0530150,AS,040,AMERICAN SAMOA,SWAINS ISLAND,20161129,20170101,0062000,2008
99999,00000,NON-METRO,203B,S,0092000,0275665,0352950,0426625,0530150,AS,050,AMERICAN SAMOA,WESTERN DISTRIC,20161129,20170101,0125000,2008
99999,00000,NON-METRO,203B,S,0085000,0275665,0352950,0426625,0530150,AZ,001,ARIZONA,APACHE,20161129,20170101,0150000,2008
43420,00000,"SIERRA VISTA-DOUGLAS, AZ",203B,S,0117000,0275665,0352950,0426625,0530150,AZ,003,ARIZONA,COCHISE,20161129,20170101,0176000,2009
22380,00000,"FLAGSTAFF, AZ",203B,H,0254000,0362250,0463750,0560550,0696650,AZ,005,ARIZONA,COCONINO,20161129,20140101,0315000,2008
37740,00000,"PAYSON, AZ",203B,S,0160000,0275665,0352950,0426625,0530150,AZ,007,ARIZONA,GILA,20161129,20170101,0185000,2008
40940,00000,"SAFFORD, AZ",203B,S,0142000,0275665,0352950,0426625,0530150,AZ,009,ARIZONA,GRAHAM,20161129,20170101,0163000,2008
99999,00000,NON-METRO,203B,S,0050000,0275665,0352950,0426625,0530150,AZ,011,ARIZONA,GREENLEE,20161129,20161129,0163000,2008
99999,00000,NON-METRO,203B,S,0068000,0275665,0352950,0426625,0530150,AZ,012,ARIZONA,LA PAZ,20161129,20170101,0091000,2009
38060,00000,"PHOENIX-MESA-SCOTTSDALE, AZ",203B,H,0243000,0279450,0357750,0432400,0537400,AZ,013,ARIZONA,MARICOPA,20161129,20170101,0243000,2016
29420,00000,"LAKE HAVASU CITY-KINGMAN, AZ",203B,S,0132000,0275665,0352950,0426625,0530150,AZ,015,ARIZONA,MOHAVE,20161129,20170101,0165000,2008
43320,00000,"SHOW LOW, AZ",203B,S,0130000,0275665,0352950,0426625,0530150,AZ,017,ARIZONA,NAVAJO,20161129,20170101,0181000,2008
46060,00000,"TUCSON, AZ",203B,S,0189000,0275665,0352950,0426625,0530150,AZ,019,ARIZONA,PIMA,20161129,20170101,0208000,2008
38060,00000,"PHOENIX-MESA-SCOTTSDALE, AZ",203B,H,0243000,0279450,0357750,0432400,0537400,AZ,021,ARIZONA,PINAL,20161129,20170101,0243000,2016
35700,00000,"NOGALES, AZ",203B,S,0128000,0275665,0352950,0426625,0530150,AZ,023,ARIZONA,SANTA CRUZ,20161129,20170101,0157000,2008
39140,00000,"PRESCOTT, AZ",203B,S,0215000,0275665,0352950,0426625,0530150,AZ,025,ARIZONA,YAVAPAI,20161129,20170101,0218000,2008
49740,00000,"YUMA, AZ",203B,S,0125000,0275665,0352950,0426625,0530150,AZ,027,ARIZONA,YUMA,20161129,20170101,0150000,2008
41860,36084,"SAN FRANCISCO-OAKLAND-HAYWARD, CA",203B,H,1200000,0636150,0814500,0984525,1223475,CA,001,CALIFORNIA,ALAMEDA,20161129,20170101,1200000,2016
99999,00000,NON-METRO,203B,H,0260000,0463450,0593300,0717150,0891250,CA,003,CALIFORNIA,ALPINE,20161129,20140101,0403000,2008
99999,00000,NON-METRO,203B,H,0245000,0332350,0425450,0514300,0639150,CA,005,CALIFORNIA,AMADOR,20161129,20140101,0289000,2008
17020,00000,"CHICO, CA",203B,H,0230000,0293250,0375400,0453750,0563950,CA,007,CALIFORNIA,BUTTE,20161129,20140101,0255000,2008
99999,00000,NON-METRO,203B,H,0229000,0373750,0478450,0578350,0718750,CA,009,CALIFORNIA,CALAVERAS,20161129,20140101,0325000,2008
99999,00000,NON-METRO,203B,S,0196000,0275665,0352950,0426625,0530150,CA,011,CALIFORNIA,COLUSA,20161129,20170101,0206000,2008
41860,36084,"SAN FRANCISCO-OAKLAND-HAYWARD, CA",203B,H,1200000,0636150,0814500,0984525,1223475,CA,013,CALIFORNIA,CONTRA COSTA,20161129,20170101,1200000,2016
18860,00000,"CRESCENT CITY, CA",203B,S,0175000,0275665,0352950,0426625,0530150,CA,015,CALIFORNIA,DEL NORTE,20161129,20170101,0200000,2008
40900,00000,"SACRAMENTO--ROSEVILLE--ARDEN-ARCADE, CA",203B,H,0425000,0488750,0625700,0756300,0939900,CA,017,CALIFORNIA,EL DORADO,20161129,20170101,0425000,2016
23420,00000,"FRESNO, CA",203B,H,0238000,0281750,0360700,0436000,0541800,CA,019,CALIFORNIA,FRESNO,20161129,20140101,0245000,2008
99999,00000,NON-METRO,203B,S,0165000,0275665,0352950,0426625,0530150,CA,021,CALIFORNIA,GLENN,20161129,20170101,0197000,2008
21700,00000,"EUREKA-ARCATA-FORTUNA, CA",203B,H,0266000,0327750,0419550,0507150,0630300,CA,023,CALIFORNIA,HUMBOLDT,20161129,20140101,0285000,2008
20940,00000,"EL CENTRO, CA",203B,S,0195000,0275665,0352950,0426625,0530150,CA,025,CALIFORNIA,IMPERIAL,20161129,20170101,0220000,2008
99999,00000,NON-METRO,203B,H,0254000,0369150,0472550,0571250,0709900,CA,027,CALIFORNIA,INYO,20161129,20140101,0321000,2008
12540,00000,"BAKERSFIELD, CA",203B,S,0203000,0275665,0352950,0426625,0530150,CA,029,CALIFORNIA,KERN,20161129,20170101,0225000,2008
25260,00000,"HANFORD-CORCORAN, CA",203B,S,0202000,0275665,0352950,0426625,0530150,CA,031,CALIFORNIA,KINGS,20161129,20170101,0217000,2008
17340,00000,"CLEARLAKE, CA",203B,S,0180000,0275665,0352950,0426625,0530150,CA,033,CALIFORNIA,LAKE,20161129,20170101,0210000,2008
45000,00000,"SUSANVILLE, CA",203B,S,0145000,0275665,0352950,0426625,0530150,CA,035,CALIFORNIA,LASSEN,20161129,20170101,0190000,2008
31080,31084,"LOS ANGELES-LONG BEACH-ANAHEIM, CA",203B,H,0710000,0636150,0814500,0984525,1223475,CA,037,CALIFORNIA,LOS ANGELES,20161129,20170101,0710000,2016
31460,00000,"MADERA, CA",203B,S,0210000,0275665,0352950,0426625,0530150,CA,039,CALIFORNIA,MADERA,20161129,20170101,0220000,2008
41860,42034,"SAN FRANCISCO-OAKLAND-HAYWARD, CA",203B,H,1200000,0636150,0814500,0984525,1223475,CA,041,CALIFORNIA,MARIN,20161129,20170101,1200000,2016
99999,00000,NON-METRO,203B,H,0195000,0322000,0412200,0498250,0619250,CA,043,CALIFORNIA,MARIPOSA,20161129,20140101,0280000,2008
46380,00000,"UKIAH, CA",203B,H,0312000,0373750,0478450,0578350,0718750,CA,045,CALIFORNIA,MENDOCINO,20161129,20140101,0325000,2008
32900,00000,"MERCED, CA",203B,S,0219000,0275665,0352950,0426625,0530150,CA,047,CALIFORNIA,MERCED,20161129,20170101,0219000,2016
99999,00000,NON-METRO,203B,S,0092000,0275665,0352950,0426625,0530150,CA,049,CALIFORNIA,MODOC,20161129,20170101,0151000,2009
99999,00000,NON-METRO,203B,H,0305000,0529000,0677200,0818600,1017300,CA,051,CALIFORNIA,MONO,20161129,20090101,0460000,2008
41500,00000,"SALINAS, CA",203B,H,0500000,0575000,0736100,0889800,1105800,CA,053,CALIFORNIA,MONTEREY,20161129,20170101,0500000,2016
34900,00000,"NAPA, CA",203B,H,0600000,0636150,0814500,0984525,1223475,CA,055,CALIFORNIA,NAPA,20161129,20170101,0600000,2016
46020,00000,"TRUCKEE-GRASS VALLEY, CA",203B,H,0362000,0477250,0610950,0738500,0917800,CA,057,CALIFORNIA,NEVADA,20161129,20140101,0415000,2008
31080,11244,"LOS ANGELES-LONG BEACH-ANAHEIM, CA",203B,H,0710000,0636150,0814500,0984525,1223475,CA,059,CALIFORNIA,ORANGE,20161129,20170101,0710000,2016
40900,00000,"SACRAMENTO--ROSEVILLE--ARDEN-ARCADE, CA",203B,H,0425000,0488750,0625700,0756300,0939900,CA,061,CALIFORNIA,PLACER,20161129,20170101,0425000,2016
99999,00000,NON-METRO,203B,H,0195000,0336950,0431350,0521400,0648000,CA,063,CALIFORNIA,PLUMAS,20161129,20140101,0293000,2008
40140,00000,"RIVERSIDE-SAN BERNARDINO-ONTARIO, CA",203B,H,0330000,0379500,0485800,0587250,0729800,CA,065,CALIFORNIA,RIVERSIDE,20161129,20170101,0330000,2016
40900,00000,"SACRAMENTO--ROSEVILLE--ARDEN-ARCADE, CA",203B,H,0425000,0488750,0625700,0756300,0939900,CA,067,CALIFORNIA,SACRAMENTO,20161129,20170101,0425000,2016
41940,00000,"SAN JOSE-SUNNYVALE-SANTA CLARA, CA",203B,H,0925000,0636150,0814500,0984525,1223475,CA,069,CALIFORNIA,SAN BENITO,20161129,20170101,0925000,2016
40140,00000,"RIVERSIDE-SAN BERNARDINO-ONTARIO, CA",203B,H,0330000,0379500,0485800,0587250,0729800,CA,071,CALIFORNIA,SAN BERNARDINO,20161129,20170101,0330000,2016
41740,00000,"SAN DIEGO-CARLSBAD, CA",203B,H,0533000,0612950,0784700,0948500,1178750,CA,073,CALIFORNIA,SAN DIEGO,20161129,20170101,0533000,2016
41860,41884,"SAN FRANCISCO-OAKLAND-HAYWARD, CA",203B,H,1200000,0636150,0814500,0984525,1223475,CA,075,CALIFORNIA,SAN FRANCISCO,20161129,20170101,1200000,2016
44700,00000,"STOCKTON-LODI, CA",203B,H,0315000,0362250,0463750,0560550,0696650,CA,077,CALIFORNIA,SAN JOAQUIN,20161129,20170101,0315000,2016
42020,00000,SAN LUIS OBISPO-PASO ROBLES-ARROYO GRAN,203B,H,0510000,0586500,0750800,0907550,1127900,CA,079,CALIFORNIA,SAN LUIS OBISPO,20161129,20170101,0510000,2016
41860,41884,"SAN FRANCISCO-OAKLAND-HAYWARD, CA",203B,H,1200000,0636150,0814500,0984525,1223475,CA,081,CALIFORNIA,SAN MATEO,20161129,20170101,1200000,2016
42200,00000,"SANTA MARIA-SANTA BARBARA, CA",203B,H,0470000,0636150,0814500,0984525,1223475,CA,083,CALIFORNIA,SANTA BARBARA,20161129,20170101,0568000,2010
41940,00000,"SAN JOSE-SUNNYVALE-SANTA CLARA, CA",203B,H,0925000,0636150,0814500,0984525,1223475,CA,085,CALIFORNIA,SANTA CLARA,20161129,20170101,0925000,2016
42100,00000,"SANTA CRUZ-WATSONVILLE, CA",203B,H,0696000,0636150,0814500,0984525,1223475,CA,087,CALIFORNIA,SANTA CRUZ,20161129,20170101,0696000,2016
39820,00000,"REDDING, CA",203B,S,0220000,0275665,0352950,0426625,0530150,CA,089,CALIFORNIA,SHASTA,20161129,20170101,0238000,2008
99999,00000,NON-METRO,203B,H,0145000,0304750,0390100,0471550,0586050,CA,091,CALIFORNIA,SIERRA,20161129,20100101,0265000,2009
99999,00000,NON-METRO,203B,S,0133000,0275665,0352950,0426625,0530150,CA,093,CALIFORNIA,SISKIYOU,20161129,20170101,0185000,2008
46700,00000,"VALLEJO-FAIRFIELD, CA",203B,H,0375000,0431250,0552050,0667350,0829350,CA,095,CALIFORNIA,SOLANO,20161129,20170101,0375000,2016
42220,00000,"SANTA ROSA, CA",203B,H,0518000,0595700,0762600,0921800,1145600,CA,097,CALIFORNIA,SONOMA,20161129,20170101,0518000,2016
33700,00000,"MODESTO, CA",203B,H,0260000,0299000,0382750,0462650,0575000,CA,099,CALIFORNIA,STANISLAUS,20161129,20170101,0260000,2016
49700,00000,"YUBA CITY, CA",203B,H,0240000,0276000,0353300,0427100,0530750,CA,101,CALIFORNIA,SUTTER,20161129,20170101,0240000,2016
39780,00000,"RED BLUFF, CA",203B,S,0160000,0275665,0352950,0426625,0530150,CA,103,CALIFORNIA,TEHAMA,20161129,20170101,0200000,2008
99999,00000,NON-METRO,203B,S,0175000,0275665,0352950,0426625,0530150,CA,105,CALIFORNIA,TRINITY,20161129,20170101,0200000,2008
47300,00000,"VISALIA-PORTERVILLE, CA",203B,S,0196000,0275665,0352950,0426625,0530150,CA,107,CALIFORNIA,TULARE,20161129,20170101,0212000,2008
43760,00000,"SONORA, CA",203B,H,0227000,0331200,0424000,0512500,0636900,CA,109,CALIFORNIA,TUOLUMNE,20161129,20140101,0288000,2008
37100,00000,"OXNARD-THOUSAND OAKS-VENTURA, CA",203B,H,0557000,0636150,0814500,0984525,1223475,CA,111,CALIFORNIA,VENTURA,20161129,20170101,0557000,2016
40900,00000,"SACRAMENTO--ROSEVILLE--ARDEN-ARCADE, CA",203B,H,0425000,0488750,0625700,0756300,0939900,CA,113,CALIFORNIA,YOLO,20161129,20170101,0425000,2016
49700,00000,"YUBA CITY, CA",203B,H,0240000,0276000,0353300,0427100,0530750,CA,115,CALIFORNIA,YUBA,20161129,20170101,0240000,2016
19740,00000,"DENVER-AURORA-LAKEWOOD, CO",203B,H,0429000,0493350,0631550,0763450,0948750,CO,001,COLORADO,ADAMS,20161129,20170101,0429000,2016
99999,00000,NON-METRO,203B,S,0145000,0275665,0352950,0426625,0530150,CO,003,COLORADO,ALAMOSA,20161129,20170101,0162000,2008
19740,00000,"DENVER-AURORA-LAKEWOOD, CO",203B,H,0429000,0493350,0631550,0763450,0948750,CO,005,COLORADO,ARAPAHOE,20161129,20170101,0429000,2016
99999,00000,NON-METRO,203B,H,0225000,0285200,0365100,0441300,0548450,CO,007,COLORADO,ARCHULETA,20161129,20140101,0248000,2008
99999,00000,NON-METRO,203B,S,0045000,0275665,0352950,0426625,0530150,CO,009,COLORADO,BACA,20161129,20170101,0074000,2009
99999,00000,NON-METRO,203B,S,0046000,0275665,0352950,0426625,0530150,CO,011,COLORADO,BENT,20161129,20170101,0102000,2009
14500,00000,"BOULDER, CO",203B,H,0460000,0529000,0677200,0818600,1017300,CO,013,COLORADO,BOULDER,20161129,20170101,0460000,2016
19740,00000,"DENVER-AURORA-LAKEWOOD, CO",203B,H,0429000,0493350,0631550,0763450,0948750,CO,014,COLORADO,BROOMFIELD,20161129,20170101,0429000,2016
99999,00000,NON-METRO,203B,S,0230000,0275665,0352950,0426625,0530150,CO,015,COLORADO,CHAFFEE,20161129,20170101,0239000,2008
99999,00000,NON-METRO,203B,S,0070000,0275665,0352950,0426625,0530150,CO,017,COLORADO,CHEYENNE,20161129,20170101,0116000,2009
19740,00000,"DENVER-AURORA-LAKEWOOD, CO",203B,H,0429000,0493350,0631550,0763450,0948750,CO,019,COLORADO,CLEAR CREEK,20161129,20170101,0429000,2016
99999,00000,NON-METRO,203B,S,0079000,0275665,0352950,0426625,0530150,CO,021,COLORADO,CONEJOS,20161129,20170101,0094000,2014
99999,00000,NON-METRO,203B,S,0075000,0275665,0352950,0426625,0530150,CO,023,COLORADO,COSTILLA,20161129,20170101,0085000,2013
99999,00000,NON-METRO,203B,S,0035000,0275665,0352950,0426625,0530150,CO,025,COLORADO,CROWLEY,20161129,20170101,0094000,2009
99999,00000,NON-METRO,203B,S,0165000,0275665,0352950,0426625,0530150,CO,027,COLORADO,CUSTER,20161129,20170101,0189000,2008
99999,00000,NON-METRO,203B,S,0168000,0275665,0352950,0426625,0530150,CO,029,COLORADO,DELTA,20161129,20170101,0177000,2008
19740,00000,"DENVER-AURORA-LAKEWOOD, CO",203B,H,0429000,0493350,0631550,0763450,0948750,CO,031,COLORADO,DENVER,20161129,20170101,0429000,2016
99999,00000,NON-METRO,203B,S,0108000,0275665,0352950,0426625,0530150,CO,033,COLORADO,DOLORES,20161129,20170101,0145000,2009
19740,00000,"DENVER-AURORA-LAKEWOOD, CO",203B,H,0429000,0493350,0631550,0763450,0948750,CO,035,COLORADO,DOUGLAS,20161129,20170101,0429000,2016
20780,00000,"EDWARDS, CO",203B,H,0560000,0636150,0814500,0984525,1223475,CO,037,COLORADO,EAGLE,20161129,20170101,0710000,2008
19740,00000,"DENVER-AURORA-LAKEWOOD, CO",203B,H,0429000,0493350,0631550,0763450,0948750,CO,039,COLORADO,ELBERT,20161129,20170101,0429000,2016
17820,00000,"COLORADO SPRINGS, CO",203B,H,0248000,0285200,0365100,0441300,0548450,CO,041,COLORADO,EL PASO,20161129,20170101,0248000,2016
15860,00000,"CANON CITY, CO",203B,S,0150000,0275665,0352950,0426625,0530150,CO,043,COLORADO,FREMONT,20161129,20170101,0150000,2016
24060,00000,"GLENWOOD SPRINGS, CO",203B,H,0555000,0636150,0814500,0984525,1223475,CO,045,COLORADO,GARFIELD,20161129,20170101,1900000,2009
19740,00000,"DENVER-AURORA-LAKEWOOD, CO",203B,H,0429000,0493350,0631550,0763450,0948750,CO,047,COLORADO,GILPIN,20161129,20170101,0429000,2016
99999,00000,NON-METRO,203B,H,0289000,0333500,0426950,0516050,0641350,CO,049,COLORADO,GRAND,20161129,20140101,0290000,2009
99999,00000,NON-METRO,203B,H,0260000,0357650,0457850,0553450,0687800,CO,051,COLORADO,GUNNISON,20161129,20140101,0311000,2008
99999,00000,NON-METRO,203B,H,0300000,0427800,0547650,0662000,0822700,CO,053,COLORADO,HINSDALE,20161129,20140101,0372000,2009
99999,00000,NON-METRO,203B,S,0094000,0275665,0352950,0426625,0530150,CO,055,COLORADO,HUERFANO,20161129,20170101,0139000,2009
99999,00000,NON-METRO,203B,S,0132000,0275665,0352950,0426625,0530150,CO,057,COLORADO,JACKSON,20161129,20170101,0148000,2015
19740,00000,"DENVER-AURORA-LAKEWOOD, CO",203B,H,0429000,0493350,0631550,0763450,0948750,CO,059,COLORADO,JEFFERSON,20161129,20170101,0429000,2016
99999,00000,NON-METRO,203B,S,0031000,0275665,0352950,0426625,0530150,CO,061,COLORADO,KIOWA,20161129,20170101,0073000,2014
99999,00000,NON-METRO,203B,S,0078000,0275665,0352950,0426625,0530150,CO,063,COLORADO,KIT CARSON,20161129,20170101,0125000,2009
99999,00000,NON-METRO,203B,S,0170000,0275665,0352950,0426625,0530150,CO,065,COLORADO,LAKE,20161129,20161129,0710000,2008
20420,00000,"DURANGO, CO",203B,H,0335000,0385250,0493200,0596150,0740850,CO,067,COLORADO,LA PLATA,20161129,20170101,0335000,2016
22660,00000,"FORT COLLINS, CO",203B,H,0327000,0376050,0481400,0581900,0723150,CO,069,COLORADO,LARIMER,20161129,20170101,0327000,2016
99999,00000,NON-METRO,203B,S,0085000,0275665,0352950,0426625,0530150,CO,071,COLORADO,LAS ANIMAS,20161129,20170101,0157000,2008
99999,00000,NON-METRO,203B,S,0084000,0275665,0352950,0426625,0530150,CO,073,COLORADO,LINCOLN,20161129,20170101,0137000,2008
44540,00000,"STERLING, CO",203B,S,0125000,0275665,0352950,0426625,0530150,CO,075,COLORADO,LOGAN,20161129,20170101,0125000,2016
24300,00000,"GRAND JUNCTION, CO",203B,H,0203000,0282900,0362150,0437750,0544050,CO,077,COLORADO,MESA,20161129,20140101,0228000,2008
99999,00000,NON-METRO,203B,S,0170000,0275665,0352950,0426625,0530150,CO,079,COLORADO,MINERAL,20161129,20170101,0200000,2009
18780,00000,"CRAIG, CO",203B,S,0145000,0275665,0352950,0426625,0530150,CO,081,COLORADO,MOFFAT,20161129,20161129,0167000,2008
99999,00000,NON-METRO,203B,S,0169000,0275665,0352950,0426625,0530150,CO,083,COLORADO,MONTEZUMA,20161129,20170101,0174000,2009
33940,00000,"MONTROSE, CO",203B,S,0195000,0275665,0352950,0426625,0530150,CO,085,COLORADO,MONTROSE,20161129,20170101,0196000,2008
22820,00000,"FORT MORGAN, CO",203B,S,0140000,0275665,0352950,0426625,0530150,CO,087,COLORADO,MORGAN,20161129,20170101,0145000,2015
99999,00000,NON-METRO,203B,S,0068000,0275665,0352950,0426625,0530150,CO,089,COLORADO,OTERO,20161129,20170101,0083000,2008
99999,00000,NON-METRO,203B,H,0263000,0425500,0544700,0658450,0818250,CO,091,COLORADO,OURAY,20161129,20140101,0370000,2009
19740,00000,"DENVER-AURORA-LAKEWOOD, CO",203B,H,0429000,0493350,0631550,0763450,0948750,CO,093,COLORADO,PARK,20161129,20170101,0429000,2016
99999,00000,NON-METRO,203B,S,0099000,0275665,0352950,0426625,0530150,CO,095,COLORADO,PHILLIPS,20161129,20170101,0112000,2008
24060,00000,"GLENWOOD SPRINGS, CO",203B,H,0555000,0636150,0814500,0984525,1223475,CO,097,COLORADO,PITKIN,20161129,20170101,1900000,2009
99999,00000,NON-METRO,203B,S,0075000,0275665,0352950,0426625,0530150,CO,099,COLORADO,PROWERS,20161129,20170101,0075000,2008
39380,00000,"PUEBLO, CO",203B,S,0149000,0275665,0352950,0426625,0530150,CO,101,COLORADO,PUEBLO,20161129,20170101,0149000,2016
99999,00000,NON-METRO,203B,S,0157000,0275665,0352950,0426625,0530150,CO,103,COLORADO,RIO BLANCO,20161129,20170101,0177000,2008
99999,00000,NON-METRO,203B,S,0126000,0275665,0352950,0426625,0530150,CO,105,COLORADO,RIO GRANDE,20161129,20170101,0144000,2008
44460,00000,"STEAMBOAT SPRINGS, CO",203B,H,0450000,0634800,0812650,0982300,1220800,CO,107,COLORADO,ROUTT,20161129,20170101,0552000,2008
99999,00000,NON-METRO,203B,S,0100000,0275665,0352950,0426625,0530150,CO,109,COLORADO,SAGUACHE,20161129,20170101,0145000,2009
99999,00000,NON-METRO,203B,S,0211000,0275665,0352950,0426625,0530150,CO,111,COLORADO,SAN JUAN,20161129,20170101,0233000,2014
99999,00000,NON-METRO,203B,H,0348000,0636150,0814500,0984525,1223475,CO,113,COLORADO,SAN MIGUEL,20161129,20170101,1370000,2009
99999,00000,NON-METRO,203B,S,0063000,0275665,0352950,0426625,0530150,CO,115,COLORADO,SEDGWICK,20161129,20170101,0100000,2009
14720,00000,"BRECKENRIDGE, CO",203B,H,0400000,0636150,0814500,0984525,1223475,CO,117,COLORADO,SUMMIT,20161129,20170101,0628000,2008
17820,00000,"COLORADO SPRINGS, CO",203B,H,0248000,0285200,0365100,0441300,0548450,CO,119,COLORADO,TELLER,20161129,20170101,0248000,2016
99999,00000,NON-METRO,203B,S,0127000,0275665,0352950,0426625,0530150,CO,121,COLORADO,WASHINGTON,20161129,20170101,0127000,2016
24540,00000,"GREELEY, CO",203B,H,0280000,0322000,0412200,0498250,0619250,CO,123,COLORADO,WELD,20161129,20170101,0280000,2016
99999,00000,NON-METRO,203B,S,0118000,0275665,0352950,0426625,0530150,CO,125,COLORADO,YUMA,20161129,20170101,0123000,2015
14860,00000,"BRIDGEPORT-STAMFORD-NORWALK, CT",203B,H,0470000,0601450,0769950,0930700,1156650,CT,001,CONNECTICUT,FAIRFIELD,20161129,20140101,0523000,2011
25540,00000,"HARTFORD-WEST HARTFORD-EAST HARTFORD, C",203B,H,0270000,0353050,0451950,0546300,0678950,CT,003,CONNECTICUT,HARTFORD,20161129,20140101,0279000,2008
45860,00000,"TORRINGTON, CT",203B,H,0239000,0357650,0457850,0553450,0687800,CT,005,CONNECTICUT,LITCHFIELD,20161129,20140101,0311000,2008
25540,00000,"HARTFORD-WEST HARTFORD-EAST HARTFORD, C",203B,H,0270000,0353050,0451950,0546300,0678950,CT,007,CONNECTICUT,MIDDLESEX,20161129,20140101,0279000,2008
35300,00000,"NEW HAVEN-MILFORD, CT",203B,H,0240000,0305900,0391600,0473350,0588250,CT,009,CONNECTICUT,NEW HAVEN,20161129,20140101,0266000,2008
35980,00000,"NORWICH-NEW LONDON, CT",203B,H,0227000,0280600,0359200,0434200,0539600,CT,011,CONNECTICUT,NEW LONDON,20161129,20140101,0244000,2008
25540,00000,"HARTFORD-WEST HARTFORD-EAST HARTFORD, C",203B,H,0270000,0353050,0451950,0546300,0678950,CT,013,CONNECTICUT,TOLLAND,20161129,20140101,0279000,2008
49340,00000,"WORCESTER, MA-CT",203B,H,0250000,0287500,0368050,0444900,0552900,CT,015,CONNECTICUT,WINDHAM,20161129,20170101,0250000,2016
47900,47894,"WASHINGTON-ARLINGTON-ALEXANDRIA, DC-VA-",203B,H,0780000,0636150,0814500,0984525,1223475,DC,001,DISTRICT OF COLUMBIA,DISTRICT OF COL,20161129,20170101,0780000,2016
20100,00000,"DOVER, DE",203B,S,0211000,0275665,0352950,0426625,0530150,DE,001,DELAWARE,KENT,20161129,20170101,0220000,2008
37980,48864,"PHILADELPHIA-CAMDEN-WILMINGTON, PA-NJ-D",203B,H,0325000,0379500,0485800,0587250,0729800,DE,003,DELAWARE,NEW CASTLE,20161129,20140101,0330000,2008
41540,00000,"SALISBURY, MD-DE",203B,H,0269000,0316250,0404850,0489350,0608150,DE,005,DELAWARE,SUSSEX,20161129,20140101,0275000,2008
23540,00000,"GAINESVILLE, FL",203B,S,0172000,0275665,0352950,0426625,0530150,FL,001,FLORIDA,ALACHUA,20161129,20170101,0193000,2008
27260,00000,"JACKSONVILLE, FL",203B,H,0287000,0330050,0422500,0510700,0634700,FL,003,FLORIDA,BAKER,20161129,20170101,0287000,2016
37460,00000,"PANAMA CITY, FL",203B,S,0160000,0275665,0352950,0426625,0530150,FL,005,FLORIDA,BAY,20161129,20170101,0176000,2008
99999,00000,NON-METRO,203B,S,0070000,0275665,0352950,0426625,0530150,FL,007,FLORIDA,BRADFORD,20161129,20170101,0101000,2008
37340,00000,"PALM BAY-MELBOURNE-TITUSVILLE, FL",203B,S,0169000,0275665,0352950,0426625,0530150,FL,009,FLORIDA,BREVARD,20161129,20170101,0170000,2008
33100,22744,"MIAMI-FORT LAUDERDALE-WEST PALM BEACH,",203B,H,0285000,0345000,0441650,0533850,0663450,FL,011,FLORIDA,BROWARD,20161129,20140101,0300000,2008
99999,00000,NON-METRO,203B,S,0055000,0275665,0352950,0426625,0530150,FL,013,FLORIDA,CALHOUN,20161129,20170101,0079000,2009
39460,00000,"PUNTA GORDA, FL",203B,S,0161000,0275665,0352950,0426625,0530150,FL,015,FLORIDA,CHARLOTTE,20161129,20170101,0163000,2008
26140,00000,"HOMOSASSA SPRINGS, FL",203B,S,0095000,0275665,0352950,0426625,0530150,FL,017,FLORIDA,CITRUS,20161129,20170101,0135000,2008
27260,00000,"JACKSONVILLE, FL",203B,H,0287000,0330050,0422500,0510700,0634700,FL,019,FLORIDA,CLAY,20161129,20170101,0287000,2016
34940,00000,"NAPLES-IMMOKALEE-MARCO ISLAND, FL",203B,H,0392000,0450800,0577100,0697600,0866950,FL,021,FLORIDA,COLLIER,20161129,20170101,0392000,2016
29380,00000,"LAKE CITY, FL",203B,S,0080000,0275665,0352950,0426625,0530150,FL,023,FLORIDA,COLUMBIA,20161129,20170101,0125000,2009
11580,00000,"ARCADIA, FL",203B,S,0079000,0275665,0352950,0426625,0530150,FL,027,FLORIDA,DESOTO,20161129,20170101,0110000,2008
99999,00000,NON-METRO,203B,S,0043000,0275665,0352950,0426625,0530150,FL,029,FLORIDA,DIXIE,20161129,20170101,0093000,2008
27260,00000,"JACKSONVILLE, FL",203B,H,0287000,0330050,0422500,0510700,0634700,FL,031,FLORIDA,DUVAL,20161129,20170101,0287000,2016
37860,00000,"PENSACOLA-FERRY PASS-BRENT, FL",203B,S,0180000,0275665,0352950,0426625,0530150,FL,033,FLORIDA,ESCAMBIA,20161129,20170101,0185000,2008
19660,00000,"DELTONA-DAYTONA BEACH-ORMOND BEACH, FL",203B,S,0180000,0275665,0352950,0426625,0530150,FL,035,FLORIDA,FLAGLER,20161129,20170101,0188000,2009
99999,00000,NON-METRO,203B,S,0131000,0275665,0352950,0426625,0530150,FL,037,FLORIDA,FRANKLIN,20161129,20170101,0213000,2009
45220,00000,"TALLAHASSEE, FL",203B,S,0167000,0275665,0352950,0426625,0530150,FL,039,FLORIDA,GADSDEN,20161129,20170101,0180000,2008
23540,00000,"GAINESVILLE, FL",203B,S,0172000,0275665,0352950,0426625,0530150,FL,041,FLORIDA,GILCHRIST,20161129,20170101,0193000,2008
99999,00000,NON-METRO,203B,S,0065000,0275665,0352950,0426625,0530150,FL,043,FLORIDA,GLADES,20161129,20170101,0086000,2009
37460,00000,"PANAMA CITY, FL",203B,S,0160000,0275665,0352950,0426625,0530150,FL,045,FLORIDA,GULF,20161129,20170101,0207000,2008
99999,00000,NON-METRO,203B,S,0052000,0275665,0352950,0426625,0530150,FL,047,FLORIDA,HAMILTON,20161129,20170101,0070000,2009
48100,00000,"WAUCHULA, FL",203B,S,0050000,0275665,0352950,0426625,0530150,FL,049,FLORIDA,HARDEE,20161129,20170101,0087000,2008
17500,00000,"CLEWISTON, FL",203B,S,0065000,0275665,0352950,0426625,0530150,FL,051,FLORIDA,HENDRY,20161129,20170101,0120000,2008
45300,00000,"TAMPA-ST. PETERSBURG-CLEARWATER, FL",203B,S,0204000,0275665,0352950,0426625,0530150,FL,053,FLORIDA,HERNANDO,20161129,20170101,0204000,2016
42700,00000,"SEBRING, FL",203B,S,0090000,0275665,0352950,0426625,0530150,FL,055,FLORIDA,HIGHLANDS,20161129,20170101,0129000,2008
45300,00000,"TAMPA-ST. PETERSBURG-CLEARWATER, FL",203B,S,0204000,0275665,0352950,0426625,0530150,FL,057,FLORIDA,HILLSBOROUGH,20161129,20170101,0204000,2016
99999,00000,NON-METRO,203B,S,0051000,0275665,0352950,0426625,0530150,FL,059,FLORIDA,HOLMES,20161129,20170101,0093000,2008
42680,00000,"SEBASTIAN-VERO BEACH, FL",203B,S,0195000,0275665,0352950,0426625,0530150,FL,061,FLORIDA,INDIAN RIVER,20161129,20170101,0205000,2008
99999,00000,NON-METRO,203B,S,0070000,0275665,0352950,0426625,0530150,FL,063,FLORIDA,JACKSON,20161129,20170101,0110000,2008
45220,00000,"TALLAHASSEE, FL",203B,S,0167000,0275665,0352950,0426625,0530150,FL,065,FLORIDA,JEFFERSON,20161129,20170101,0180000,2008
99999,00000,NON-METRO,203B,S,0045000,0275665,0352950,0426625,0530150,FL,067,FLORIDA,LAFAYETTE,20161129,20170101,0097000,2009
36740,00000,"ORLANDO-KISSIMMEE-SANFORD, FL",203B,H,0241000,0277150,0354800,0428850,0532950,FL,069,FLORIDA,LAKE,20161129,20170101,0241000,2016
15980,00000,"CAPE CORAL-FORT MYERS, FL",203B,S,0204000,0275665,0352950,0426625,0530150,FL,071,FLORIDA,LEE,20161129,20170101,0204000,2016
45220,00000,"TALLAHASSEE, FL",203B,S,0167000,0275665,0352950,0426625,0530150,FL,073,FLORIDA,LEON,20161129,20170101,0180000,2008
99999,00000,NON-METRO,203B,S,0061000,0275665,0352950,0426625,0530150,FL,075,FLORIDA,LEVY,20161129,20170101,0090000,2008
99999,00000,NON-METRO,203B,S,0036000,0275665,0352950,0426625,0530150,FL,077,FLORIDA,LIBERTY,20161129,20170101,0100000,2008
99999,00000,NON-METRO,203B,S,0048000,0275665,0352950,0426625,0530150,FL,079,FLORIDA,MADISON,20161129,20170101,0095000,2009
35840,00000,"NORTH PORT-SARASOTA-BRADENTON, FL",203B,H,0250000,0287500,0368050,0444900,0552900,FL,081,FLORIDA,MANATEE,20161129,20170101,0250000,2016
36100,00000,"OCALA, FL",203B,S,0115000,0275665,0352950,0426625,0530150,FL,083,FLORIDA,MARION,20161129,20170101,0151000,2008
38940,00000,"PORT ST. LUCIE, FL",203B,H,0260000,0316250,0404850,0489350,0608150,FL,085,FLORIDA,MARTIN,20161129,20140101,0275000,2008
33100,33124,"MIAMI-FORT LAUDERDALE-WEST PALM BEACH,",203B,H,0285000,0345000,0441650,0533850,0663450,FL,086,FLORIDA,MIAMI-DADE,20161129,20140101,0300000,2008
28580,00000,"KEY WEST, FL",203B,H,0424000,0529000,0677200,0818600,1017300,FL,087,FLORIDA,MONROE,20161129,20140101,0460000,2008
27260,00000,"JACKSONVILLE, FL",203B,H,0287000,0330050,0422500,0510700,0634700,FL,089,FLORIDA,NASSAU,20161129,20170101,0287000,2016
18880,00000,"CRESTVIEW-FORT WALTON BEACH-DESTIN, FL",203B,H,0297000,0341550,0437250,0528500,0656800,FL,091,FLORIDA,OKALOOSA,20161129,20170101,0297000,2016
36380,00000,"OKEECHOBEE, FL",203B,S,0060000,0275665,0352950,0426625,0530150,FL,093,FLORIDA,OKEECHOBEE,20161129,20170101,0110000,2008
36740,00000,"ORLANDO-KISSIMMEE-SANFORD, FL",203B,H,0241000,0277150,0354800,0428850,0532950,FL,095,FLORIDA,ORANGE,20161129,20170101,0241000,2016
36740,00000,"ORLANDO-KISSIMMEE-SANFORD, FL",203B,H,0241000,0277150,0354800,0428850,0532950,FL,097,FLORIDA,OSCEOLA,20161129,20170101,0241000,2016
33100,48424,"MIAMI-FORT LAUDERDALE-WEST PALM BEACH,",203B,H,0285000,0345000,0441650,0533850,0663450,FL,099,FLORIDA,PALM BEACH,20161129,20140101,0300000,2008
45300,00000,"TAMPA-ST. PETERSBURG-CLEARWATER, FL",203B,S,0204000,0275665,0352950,0426625,0530150,FL,101,FLORIDA,PASCO,20161129,20170101,0204000,2016
45300,00000,"TAMPA-ST. PETERSBURG-CLEARWATER, FL",203B,S,0204000,0275665,0352950,0426625,0530150,FL,103,FLORIDA,PINELLAS,20161129,20170101,0204000,2016
29460,00000,"LAKELAND-WINTER HAVEN, FL",203B,S,0150000,0275665,0352950,0426625,0530150,FL,105,FLORIDA,POLK,20161129,20170101,0165000,2008
37260,00000,"PALATKA, FL",203B,S,0049000,0275665,0352950,0426625,0530150,FL,107,FLORIDA,PUTNAM,20161129,20170101,0096000,2008
27260,00000,"JACKSONVILLE, FL",203B,H,0287000,0330050,0422500,0510700,0634700,FL,109,FLORIDA,ST. JOHNS,20161129,20170101,0287000,2016
38940,00000,"PORT ST. LUCIE, FL",203B,H,0260000,0316250,0404850,0489350,0608150,FL,111,FLORIDA,ST. LUCIE,20161129,20140101,0275000,2008
37860,00000,"PENSACOLA-FERRY PASS-BRENT, FL",203B,S,0180000,0275665,0352950,0426625,0530150,FL,113,FLORIDA,SANTA ROSA,20161129,20170101,0185000,2008
35840,00000,"NORTH PORT-SARASOTA-BRADENTON, FL",203B,H,0250000,0287500,0368050,0444900,0552900,FL,115,FLORIDA,SARASOTA,20161129,20170101,0250000,2016
36740,00000,"ORLANDO-KISSIMMEE-SANFORD, FL",203B,H,0241000,0277150,0354800,0428850,0532950,FL,117,FLORIDA,SEMINOLE,20161129,20170101,0241000,2016
45540,00000,"THE VILLAGES, FL",203B,H,0249000,0287500,0368050,0444900,0552900,FL,119,FLORIDA,SUMTER,20161129,20160101,0250000,2015
99999,00000,NON-METRO,203B,S,0056000,0275665,0352950,0426625,0530150,FL,121,FLORIDA,SUWANNEE,20161129,20170101,0116000,2008
99999,00000,NON-METRO,203B,S,0055000,0275665,0352950,0426625,0530150,FL,123,FLORIDA,TAYLOR,20161129,20170101,0083000,2009
99999,00000,NON-METRO,203B,S,0068000,0275665,0352950,0426625,0530150,FL,125,FLORIDA,UNION,20161129,20170101,0130000,2009
19660,00000,"DELTONA-DAYTONA BEACH-ORMOND BEACH, FL",203B,S,0180000,0275665,0352950,0426625,0530150,FL,127,FLORIDA,VOLUSIA,20161129,20170101,0188000,2009
45220,00000,"TALLAHASSEE, FL",203B,S,0167000,0275665,0352950,0426625,0530150,FL,129,FLORIDA,WAKULLA,20161129,20170101,0180000,2008
18880,00000,"CRESTVIEW-FORT WALTON BEACH-DESTIN, FL",203B,H,0297000,0341550,0437250,0528500,0656800,FL,131,FLORIDA,WALTON,20161129,20170101,0297000,2016
99999,00000,NON-METRO,203B,S,0067000,0275665,0352950,0426625,0530150,FL,133,FLORIDA,WASHINGTON,20161129,20170101,0105000,2008
99999,00000,NON-METRO,203B,S,0045000,0275665,0352950,0426625,0530150,GA,001,GEORGIA,APPLING,20161129,20170101,0123000,2009
99999,00000,NON-METRO,203B,S,0015000,0275665,0352950,0426625,0530150,GA,003,GEORGIA,ATKINSON,20161129,20161129,0125000,2008
99999,00000,NON-METRO,203B,S,0038000,0275665,0352950,0426625,0530150,GA,005,GEORGIA,BACON,20161129,20170101,0081000,2008
10500,00000,"ALBANY, GA",203B,S,0143000,0275665,0352950,0426625,0530150,GA,007,GEORGIA,BAKER,20161129,20170101,0191000,2008
33300,00000,"MILLEDGEVILLE, GA",203B,S,0105000,0275665,0352950,0426625,0530150,GA,009,GEORGIA,BALDWIN,20161129,20170101,0166000,2008
99999,00000,NON-METRO,203B,S,0117000,0275665,0352950,0426625,0530150,GA,011,GEORGIA,BANKS,20161129,20170101,0130000,2009
12060,00000,"ATLANTA-SANDY SPRINGS-ROSWELL, GA",203B,H,0312000,0358800,0459300,0555200,0690000,GA,013,GEORGIA,BARROW,20161129,20170101,0312000,2016
12060,00000,"ATLANTA-SANDY SPRINGS-ROSWELL, GA",203B,H,0312000,0358800,0459300,0555200,0690000,GA,015,GEORGIA,BARTOW,20161129,20170101,0312000,2016
22340,00000,"FITZGERALD, GA",203B,S,0050000,0275665,0352950,0426625,0530150,GA,017,GEORGIA,BEN HILL,20161129,20170101,0101000,2008
99999,00000,NON-METRO,203B,S,0048000,0275665,0352950,0426625,0530150,GA,019,GEORGIA,BERRIEN,20161129,20170101,0126000,2008
31420,00000,"MACON, GA",203B,S,0111000,0275665,0352950,0426625,0530150,GA,021,GEORGIA,BIBB,20161129,20170101,0178000,2010
99999,00000,NON-METRO,203B,S,0065000,0275665,0352950,0426625,0530150,GA,023,GEORGIA,BLECKLEY,20161129,20170101,0121000,2008
15260,00000,"BRUNSWICK, GA",203B,S,0209000,0275665,0352950,0426625,0530150,GA,025,GEORGIA,BRANTLEY,20161129,20170101,0209000,2016
46660,00000,"VALDOSTA, GA",203B,S,0125000,0275665,0352950,0426625,0530150,GA,027,GEORGIA,BROOKS,20161129,20170101,0159000,2008
42340,00000,"SAVANNAH, GA",203B,S,0228000,0275665,0352950,0426625,0530150,GA,029,GEORGIA,BRYAN,20161129,20170101,0228000,2016
44340,00000,"STATESBORO, GA",203B,S,0129000,0275665,0352950,0426625,0530150,GA,031,GEORGIA,BULLOCH,20161129,20170101,0140000,2008
12260,00000,"AUGUSTA-RICHMOND , GA-SC",203B,S,0178000,0275665,0352950,0426625,0530150,GA,033,GEORGIA,BURKE,20161129,20170101,0185000,2015
12060,00000,"ATLANTA-SANDY SPRINGS-ROSWELL, GA",203B,H,0312000,0358800,0459300,0555200,0690000,GA,035,GEORGIA,BUTTS,20161129,20170101,0312000,2016
99999,00000,NON-METRO,203B,S,0045000,0275665,0352950,0426625,0530150,GA,037,GEORGIA,CALHOUN,20161129,20170101,0078000,2009
41220,00000,"ST. MARYS, GA",203B,S,0130000,0275665,0352950,0426625,0530150,GA,039,GEORGIA,CAMDEN,20161129,20170101,0149000,2009
99999,00000,NON-METRO,203B,S,0053000,0275665,0352950,0426625,0530150,GA,043,GEORGIA,CANDLER,20161129,20170101,0090000,2008
12060,00000,"ATLANTA-SANDY SPRINGS-ROSWELL, GA",203B,H,0312000,0358800,0459300,0555200,0690000,GA,045,GEORGIA,CARROLL,20161129,20170101,0312000,2016
16860,00000,"CHATTANOOGA, TN-GA",203B,S,0169000,0275665,0352950,0426625,0530150,GA,047,GEORGIA,CATOOSA,20161129,20170101,0169000,2016
99999,00000,NON-METRO,203B,S,0061000,0275665,0352950,0426625,0530150,GA,049,GEORGIA,CHARLTON,20161129,20170101,0113000,2008
42340,00000,"SAVANNAH, GA",203B,S,0228000,0275665,0352950,0426625,0530150,GA,051,GEORGIA,CHATHAM,20161129,20170101,0228000,2016
17980,00000,"COLUMBUS, GA-AL",203B,H,0187000,0289800,0371000,0448450,0557300,GA,053,GEORGIA,CHATTAHOOCHEE,20161129,20100101,0252000,2009
44900,00000,"SUMMERVILLE, GA",203B,S,0051000,0275665,0352950,0426625,0530150,GA,055,GEORGIA,CHATTOOGA,20161129,20170101,0124000,2009
12060,00000,"ATLANTA-SANDY SPRINGS-ROSWELL, GA",203B,H,0312000,0358800,0459300,0555200,0690000,GA,057,GEORGIA,CHEROKEE,20161129,20170101,0312000,2016
12020,00000,"ATHENS-CLARKE , GA",203B,H,0264000,0320850,0410750,0496500,0617000,GA,059,GEORGIA,CLARKE,20161129,20140101,0279000,2009
99999,00000,NON-METRO,203B,S,0049000,0275665,0352950,0426625,0530150,GA,061,GEORGIA,CLAY,20161129,20170101,0112000,2008
12060,00000,"ATLANTA-SANDY SPRINGS-ROSWELL, GA",203B,H,0312000,0358800,0459300,0555200,0690000,GA,063,GEORGIA,CLAYTON,20161129,20170101,0312000,2016
99999,00000,NON-METRO,203B,S,0040000,0275665,0352950,0426625,0530150,GA,065,GEORGIA,CLINCH,20161129,20170101,0122000,2008
12060,00000,"ATLANTA-SANDY SPRINGS-ROSWELL, GA",203B,H,0312000,0358800,0459300,0555200,0690000,GA,067,GEORGIA,COBB,20161129,20170101,0312000,2016
20060,00000,"DOUGLAS, GA",203B,S,0067000,0275665,0352950,0426625,0530150,GA,069,GEORGIA,COFFEE,20161129,20170101,0125000,2008
34220,00000,"MOULTRIE, GA",203B,S,0056000,0275665,0352950,0426625,0530150,GA,071,GEORGIA,COLQUITT,20161129,20170101,0109000,2008
12260,00000,"AUGUSTA-RICHMOND , GA-SC",203B,S,0178000,0275665,0352950,0426625,0530150,GA,073,GEORGIA,COLUMBIA,20161129,20170101,0185000,2015
99999,00000,NON-METRO,203B,S,0058000,0275665,0352950,0426625,0530150,GA,075,GEORGIA,COOK,20161129,20170101,0087000,2008
12060,00000,"ATLANTA-SANDY SPRINGS-ROSWELL, GA",203B,H,0312000,0358800,0459300,0555200,0690000,GA,077,GEORGIA,COWETA,20161129,20170101,0312000,2016
31420,00000,"MACON, GA",203B,S,0111000,0275665,0352950,0426625,0530150,GA,079,GEORGIA,CRAWFORD,20161129,20170101,0178000,2010
18380,00000,"CORDELE, GA",203B,S,0081000,0275665,0352950,0426625,0530150,GA,081,GEORGIA,CRISP,20161129,20170101,0119000,2010
16860,00000,"CHATTANOOGA, TN-GA",203B,S,0169000,0275665,0352950,0426625,0530150,GA,083,GEORGIA,DADE,20161129,20170101,0169000,2016
12060,00000,"ATLANTA-SANDY SPRINGS-ROSWELL, GA",203B,H,0312000,0358800,0459300,0555200,0690000,GA,085,GEORGIA,DAWSON,20161129,20170101,0312000,2016
12460,00000,"BAINBRIDGE, GA",203B,S,0076000,0275665,0352950,0426625,0530150,GA,087,GEORGIA,DECATUR,20161129,20170101,0131000,2008
12060,00000,"ATLANTA-SANDY SPRINGS-ROSWELL, GA",203B,H,0312000,0358800,0459300,0555200,0690000,GA,089,GEORGIA,DEKALB,20161129,20170101,0312000,2016
99999,00000,NON-METRO,203B,S,0050000,0275665,0352950,0426625,0530150,GA,091,GEORGIA,DODGE,20161129,20170101,0090000,2008
99999,00000,NON-METRO,203B,S,0069000,0275665,0352950,0426625,0530150,GA,093,GEORGIA,DOOLY,20161129,20170101,0089000,2008
10500,00000,"ALBANY, GA",203B,S,0143000,0275665,0352950,0426625,0530150,GA,095,GEORGIA,DOUGHERTY,20161129,20170101,0191000,2008
12060,00000,"ATLANTA-SANDY SPRINGS-ROSWELL, GA",203B,H,0312000,0358800,0459300,0555200,0690000,GA,097,GEORGIA,DOUGLAS,20161129,20170101,0312000,2016
99999,00000,NON-METRO,203B,S,0053000,0275665,0352950,0426625,0530150,GA,099,GEORGIA,EARLY,20161129,20170101,0099000,2008
46660,00000,"VALDOSTA, GA",203B,S,0125000,0275665,0352950,0426625,0530150,GA,101,GEORGIA,ECHOLS,20161129,20170101,0159000,2008
42340,00000,"SAVANNAH, GA",203B,S,0228000,0275665,0352950,0426625,0530150,GA,103,GEORGIA,EFFINGHAM,20161129,20170101,0228000,2016
99999,00000,NON-METRO,203B,S,0070000,0275665,0352950,0426625,0530150,GA,105,GEORGIA,ELBERT,20161129,20170101,0103000,2008
99999,00000,NON-METRO,203B,S,0035000,0275665,0352950,0426625,0530150,GA,107,GEORGIA,EMANUEL,20161129,20170101,0089000,2008
99999,00000,NON-METRO,203B,S,0062000,0275665,0352950,0426625,0530150,GA,109,GEORGIA,EVANS,20161129,20170101,0122000,2008
99999,00000,NON-METRO,203B,S,0163000,0275665,0352950,0426625,0530150,GA,111,GEORGIA,FANNIN,20161129,20170101,0214000,2009
12060,00000,"ATLANTA-SANDY SPRINGS-ROSWELL, GA",203B,H,0312000,0358800,0459300,0555200,0690000,GA,113,GEORGIA,FAYETTE,20161129,20170101,0312000,2016
40660,00000,"ROME, GA",203B,S,0104000,0275665,0352950,0426625,0530150,GA,115,GEORGIA,FLOYD,20161129,20170101,0126000,2008
12060,00000,"ATLANTA-SANDY SPRINGS-ROSWELL, GA",203B,H,0312000,0358800,0459300,0555200,0690000,GA,117,GEORGIA,FORSYTH,20161129,20170101,0312000,2016
99999,00000,NON-METRO,203B,S,0088000,0275665,0352950,0426625,0530150,GA,119,GEORGIA,FRANKLIN,20161129,20170101,0120000,2009
12060,00000,"ATLANTA-SANDY SPRINGS-ROSWELL, GA",203B,H,0312000,0358800,0459300,0555200,0690000,GA,121,GEORGIA,FULTON,20161129,20170101,0312000,2016
99999,00000,NON-METRO,203B,S,0118000,0275665,0352950,0426625,0530150,GA,123,GEORGIA,GILMER,20161129,20170101,0176000,2008
99999,00000,NON-METRO,203B,S,0030000,0275665,0352950,0426625,0530150,GA,125,GEORGIA,GLASCOCK,20161129,20170101,0070000,2008
15260,00000,"BRUNSWICK, GA",203B,S,0209000,0275665,0352950,0426625,0530150,GA,127,GEORGIA,GLYNN,20161129,20170101,0209000,2016
15660,00000,"CALHOUN, GA",203B,S,0110000,0275665,0352950,0426625,0530150,GA,129,GEORGIA,GORDON,20161129,20170101,0128000,2008
99999,00000,NON-METRO,203B,S,0085000,0275665,0352950,0426625,0530150,GA,131,GEORGIA,GRADY,20161129,20170101,0122000,2008
99999,00000,NON-METRO,203B,H,0232000,0515200,0659550,0797250,0990800,GA,133,GEORGIA,GREENE,20161129,20140101,0448000,2008
12060,00000,"ATLANTA-SANDY SPRINGS-ROSWELL, GA",203B,H,0312000,0358800,0459300,0555200,0690000,GA,135,GEORGIA,GWINNETT,20161129,20170101,0312000,2016
18460,00000,"CORNELIA, GA",203B,S,0127000,0275665,0352950,0426625,0530150,GA,137,GEORGIA,HABERSHAM,20161129,20170101,0132000,2008
23580,00000,"GAINESVILLE, GA",203B,S,0176000,0275665,0352950,0426625,0530150,GA,139,GEORGIA,HALL,20161129,20170101,0182000,2008
33300,00000,"MILLEDGEVILLE, GA",203B,S,0105000,0275665,0352950,0426625,0530150,GA,141,GEORGIA,HANCOCK,20161129,20170101,0166000,2008
12060,00000,"ATLANTA-SANDY SPRINGS-ROSWELL, GA",203B,H,0312000,0358800,0459300,0555200,0690000,GA,143,GEORGIA,HARALSON,20161129,20170101,0312000,2016
17980,00000,"COLUMBUS, GA-AL",203B,H,0187000,0289800,0371000,0448450,0557300,GA,145,GEORGIA,HARRIS,20161129,20100101,0252000,2009
99999,00000,NON-METRO,203B,S,0125000,0275665,0352950,0426625,0530150,GA,147,GEORGIA,HART,20161129,20170101,0162000,2008
12060,00000,"ATLANTA-SANDY SPRINGS-ROSWELL, GA",203B,H,0312000,0358800,0459300,0555200,0690000,GA,149,GEORGIA,HEARD,20161129,20170101,0312000,2016
12060,00000,"ATLANTA-SANDY SPRINGS-ROSWELL, GA",203B,H,0312000,0358800,0459300,0555200,0690000,GA,151,GEORGIA,HENRY,20161129,20170101,0312000,2016
47580,00000,"WARNER ROBINS, GA",203B,S,0135000,0275665,0352950,0426625,0530150,GA,153,GEORGIA,HOUSTON,20161129,20170101,0180000,2008
99999,00000,NON-METRO,203B,S,0060000,0275665,0352950,0426625,0530150,GA,155,GEORGIA,IRWIN,20161129,20161129,0101000,2008
27600,00000,"JEFFERSON, GA",203B,S,0170000,0275665,0352950,0426625,0530150,GA,157,GEORGIA,JACKSON,20161129,20161129,0170000,2016
12060,00000,"ATLANTA-SANDY SPRINGS-ROSWELL, GA",203B,H,0312000,0358800,0459300,0555200,0690000,GA,159,GEORGIA,JASPER,20161129,20170101,0312000,2016
99999,00000,NON-METRO,203B,S,0041000,0275665,0352950,0426625,0530150,GA,161,GEORGIA,JEFF DAVIS,20161129,20170101,0110000,2008
99999,00000,NON-METRO,203B,S,0040000,0275665,0352950,0426625,0530150,GA,163,GEORGIA,JEFFERSON,20161129,20170101,0085000,2009
99999,00000,NON-METRO,203B,S,0043000,0275665,0352950,0426625,0530150,GA,165,GEORGIA,JENKINS,20161129,20170101,0071000,2008
20140,00000,"DUBLIN, GA",203B,S,0059000,0275665,0352950,0426625,0530150,GA,167,GEORGIA,JOHNSON,20161129,20170101,0134000,2008
31420,00000,"MACON, GA",203B,S,0111000,0275665,0352950,0426625,0530150,GA,169,GEORGIA,JONES,20161129,20170101,0178000,2010
12060,00000,"ATLANTA-SANDY SPRINGS-ROSWELL, GA",203B,H,0312000,0358800,0459300,0555200,0690000,GA,171,GEORGIA,LAMAR,20161129,20170101,0312000,2016
46660,00000,"VALDOSTA, GA",203B,S,0125000,0275665,0352950,0426625,0530150,GA,173,GEORGIA,LANIER,20161129,20170101,0159000,2008
20140,00000,"DUBLIN, GA",203B,S,0059000,0275665,0352950,0426625,0530150,GA,175,GEORGIA,LAURENS,20161129,20170101,0134000,2008
10500,00000,"ALBANY, GA",203B,S,0143000,0275665,0352950,0426625,0530150,GA,177,GEORGIA,LEE,20161129,20170101,0191000,2008
25980,00000,"HINESVILLE, GA",203B,S,0151000,0275665,0352950,0426625,0530150,GA,179,GEORGIA,LIBERTY,20161129,20170101,0155000,2009
12260,00000,"AUGUSTA-RICHMOND , GA-SC",203B,S,0178000,0275665,0352950,0426625,0530150,GA,181,GEORGIA,LINCOLN,20161129,20170101,0185000,2015
25980,00000,"HINESVILLE, GA",203B,S,0151000,0275665,0352950,0426625,0530150,GA,183,GEORGIA,LONG,20161129,20170101,0155000,2009
46660,00000,"VALDOSTA, GA",203B,S,0125000,0275665,0352950,0426625,0530150,GA,185,GEORGIA,LOWNDES,20161129,20170101,0159000,2008
99999,00000,NON-METRO,203B,S,0130000,0275665,0352950,0426625,0530150,GA,187,GEORGIA,LUMPKIN,20161129,20170101,0165000,2008
12260,00000,"AUGUSTA-RICHMOND , GA-SC",203B,S,0178000,0275665,0352950,0426625,0530150,GA,189,GEORGIA,MCDUFFIE,20161129,20170101,0185000,2015
15260,00000,"BRUNSWICK, GA",203B,S,0209000,0275665,0352950,0426625,0530150,GA,191,GEORGIA,MCINTOSH,20161129,20170101,0209000,2016
99999,00000,NON-METRO,203B,S,0041000,0275665,0352950,0426625,0530150,GA,193,GEORGIA,MACON,20161129,20170101,0100000,2008
12020,00000,"ATHENS-CLARKE , GA",203B,H,0264000,0320850,0410750,0496500,0617000,GA,195,GEORGIA,MADISON,20161129,20140101,0279000,2009
17980,00000,"COLUMBUS, GA-AL",203B,H,0187000,0289800,0371000,0448450,0557300,GA,197,GEORGIA,MARION,20161129,20100101,0252000,2009
12060,00000,"ATLANTA-SANDY SPRINGS-ROSWELL, GA",203B,H,0312000,0358800,0459300,0555200,0690000,GA,199,GEORGIA,MERIWETHER,20161129,20170101,0312000,2016
99999,00000,NON-METRO,203B,S,0046000,0275665,0352950,0426625,0530150,GA,201,GEORGIA,MILLER,20161129,20170101,0118000,2008
99999,00000,NON-METRO,203B,S,0043000,0275665,0352950,0426625,0530150,GA,205,GEORGIA,MITCHELL,20161129,20170101,0098000,2008
31420,00000,"MACON, GA",203B,S,0111000,0275665,0352950,0426625,0530150,GA,207,GEORGIA,MONROE,20161129,20170101,0178000,2010
47080,00000,"VIDALIA, GA",203B,S,0065000,0275665,0352950,0426625,0530150,GA,209,GEORGIA,MONTGOMERY,20161129,20170101,0117000,2008
12060,00000,"ATLANTA-SANDY SPRINGS-ROSWELL, GA",203B,H,0312000,0358800,0459300,0555200,0690000,GA,211,GEORGIA,MORGAN,20161129,20170101,0312000,2016
19140,00000,"DALTON, GA",203B,S,0106000,0275665,0352950,0426625,0530150,GA,213,GEORGIA,MURRAY,20161129,20170101,0128000,2008
17980,00000,"COLUMBUS, GA-AL",203B,H,0187000,0289800,0371000,0448450,0557300,GA,215,GEORGIA,MUSCOGEE,20161129,20100101,0252000,2009
12060,00000,"ATLANTA-SANDY SPRINGS-ROSWELL, GA",203B,H,0312000,0358800,0459300,0555200,0690000,GA,217,GEORGIA,NEWTON,20161129,20170101,0312000,2016
12020,00000,"ATHENS-CLARKE , GA",203B,H,0264000,0320850,0410750,0496500,0617000,GA,219,GEORGIA,OCONEE,20161129,20140101,0279000,2009
12020,00000,"ATHENS-CLARKE , GA",203B,H,0264000,0320850,0410750,0496500,0617000,GA,221,GEORGIA,OGLETHORPE,20161129,20140101,0279000,2009
12060,00000,"ATLANTA-SANDY SPRINGS-ROSWELL, GA",203B,H,0312000,0358800,0459300,0555200,0690000,GA,223,GEORGIA,PAULDING,20161129,20170101,0312000,2016
47580,00000,"WARNER ROBINS, GA",203B,S,0135000,0275665,0352950,0426625,0530150,GA,225,GEORGIA,PEACH,20161129,20170101,0157000,2008
12060,00000,"ATLANTA-SANDY SPRINGS-ROSWELL, GA",203B,H,0312000,0358800,0459300,0555200,0690000,GA,227,GEORGIA,PICKENS,20161129,20170101,0312000,2016
48180,00000,"WAYCROSS, GA",203B,S,0058000,0275665,0352950,0426625,0530150,GA,229,GEORGIA,PIERCE,20161129,20170101,0118000,2008
12060,00000,"ATLANTA-SANDY SPRINGS-ROSWELL, GA",203B,H,0312000,0358800,0459300,0555200,0690000,GA,231,GEORGIA,PIKE,20161129,20170101,0312000,2016
16340,00000,"CEDARTOWN, GA",203B,S,0082000,0275665,0352950,0426625,0530150,GA,233,GEORGIA,POLK,20161129,20170101,0106000,2008
47580,00000,"WARNER ROBINS, GA",203B,S,0135000,0275665,0352950,0426625,0530150,GA,235,GEORGIA,PULASKI,20161129,20170101,0180000,2008
99999,00000,NON-METRO,203B,S,0150000,0275665,0352950,0426625,0530150,GA,237,GEORGIA,PUTNAM,20161129,20170101,0222000,2008
99999,00000,NON-METRO,203B,S,0026000,0275665,0352950,0426625,0530150,GA,239,GEORGIA,QUITMAN,20161129,20161129,0126000,2010
99999,00000,NON-METRO,203B,S,0145000,0275665,0352950,0426625,0530150,GA,241,GEORGIA,RABUN,20161129,20170101,0173000,2009
99999,00000,NON-METRO,203B,S,0025000,0275665,0352950,0426625,0530150,GA,243,GEORGIA,RANDOLPH,20161129,20170101,0097000,2008
12260,00000,"AUGUSTA-RICHMOND , GA-SC",203B,S,0178000,0275665,0352950,0426625,0530150,GA,245,GEORGIA,RICHMOND,20161129,20170101,0185000,2015
12060,00000,"ATLANTA-SANDY SPRINGS-ROSWELL, GA",203B,H,0312000,0358800,0459300,0555200,0690000,GA,247,GEORGIA,ROCKDALE,20161129,20170101,0312000,2016
11140,00000,"AMERICUS, GA",203B,S,0063000,0275665,0352950,0426625,0530150,GA,249,GEORGIA,SCHLEY,20161129,20170101,0105000,2008
99999,00000,NON-METRO,203B,S,0055000,0275665,0352950,0426625,0530150,GA,251,GEORGIA,SCREVEN,20161129,20170101,0098000,2008
99999,00000,NON-METRO,203B,S,0042000,0275665,0352950,0426625,0530150,GA,253,GEORGIA,SEMINOLE,20161129,20170101,0109000,2008
12060,00000,"ATLANTA-SANDY SPRINGS-ROSWELL, GA",203B,H,0312000,0358800,0459300,0555200,0690000,GA,255,GEORGIA,SPALDING,20161129,20170101,0312000,2016
45740,00000,"TOCCOA, GA",203B,S,0085000,0275665,0352950,0426625,0530150,GA,257,GEORGIA,STEPHENS,20161129,20170101,0093000,2009
99999,00000,NON-METRO,203B,S,0033000,0275665,0352950,0426625,0530150,GA,259,GEORGIA,STEWART,20161129,20170101,0063000,2008
11140,00000,"AMERICUS, GA",203B,S,0063000,0275665,0352950,0426625,0530150,GA,261,GEORGIA,SUMTER,20161129,20170101,0105000,2008
99999,00000,NON-METRO,203B,S,0100000,0275665,0352950,0426625,0530150,GA,263,GEORGIA,TALBOT,20161129,20170101,0123000,2013
99999,00000,NON-METRO,203B,S,0064000,0275665,0352950,0426625,0530150,GA,265,GEORGIA,TALIAFERRO,20161129,20170101,0110000,2008
99999,00000,NON-METRO,203B,S,0057000,0275665,0352950,0426625,0530150,GA,267,GEORGIA,TATTNALL,20161129,20170101,0119000,2008
99999,00000,NON-METRO,203B,S,0040000,0275665,0352950,0426625,0530150,GA,269,GEORGIA,TAYLOR,20161129,20170101,0110000,2008
99999,00000,NON-METRO,203B,S,0025000,0275665,0352950,0426625,0530150,GA,271,GEORGIA,TELFAIR,20161129,20170101,0083000,2008
10500,00000,"ALBANY, GA",203B,S,0143000,0275665,0352950,0426625,0530150,GA,273,GEORGIA,TERRELL,20161129,20170101,0191000,2008
45620,00000,"THOMASVILLE, GA",203B,S,0130000,0275665,0352950,0426625,0530150,GA,275,GEORGIA,THOMAS,20161129,20170101,0137000,2008
45700,00000,"TIFTON, GA",203B,S,0114000,0275665,0352950,0426625,0530150,GA,277,GEORGIA,TIFT,20161129,20170101,0158000,2008
47080,00000,"VIDALIA, GA",203B,S,0065000,0275665,0352950,0426625,0530150,GA,279,GEORGIA,TOOMBS,20161129,20170101,0117000,2008
99999,00000,NON-METRO,203B,S,0122000,0275665,0352950,0426625,0530150,GA,281,GEORGIA,TOWNS,20161129,20170101,0211000,2008
99999,00000,NON-METRO,203B,S,0022000,0275665,0352950,0426625,0530150,GA,283,GEORGIA,TREUTLEN,20161129,20170101,0087000,2008
29300,00000,"LAGRANGE, GA",203B,S,0121000,0275665,0352950,0426625,0530150,GA,285,GEORGIA,TROUP,20161129,20170101,0130000,2008
99999,00000,NON-METRO,203B,S,0069000,0275665,0352950,0426625,0530150,GA,287,GEORGIA,TURNER,20161129,20170101,0085000,2008
31420,00000,"MACON, GA",203B,S,0111000,0275665,0352950,0426625,0530150,GA,289,GEORGIA,TWIGGS,20161129,20170101,0178000,2010
99999,00000,NON-METRO,203B,S,0115000,0275665,0352950,0426625,0530150,GA,291,GEORGIA,UNION,20161129,20170101,0165000,2009
45580,00000,"THOMASTON, GA",203B,S,0045000,0275665,0352950,0426625,0530150,GA,293,GEORGIA,UPSON,20161129,20170101,0116000,2008
16860,00000,"CHATTANOOGA, TN-GA",203B,S,0169000,0275665,0352950,0426625,0530150,GA,295,GEORGIA,WALKER,20161129,20170101,0169000,2016
12060,00000,"ATLANTA-SANDY SPRINGS-ROSWELL, GA",203B,H,0312000,0358800,0459300,0555200,0690000,GA,297,GEORGIA,WALTON,20161129,20170101,0312000,2016
48180,00000,"WAYCROSS, GA",203B,S,0058000,0275665,0352950,0426625,0530150,GA,299,GEORGIA,WARE,20161129,20170101,0118000,2008
99999,00000,NON-METRO,203B,S,0028000,0275665,0352950,0426625,0530150,GA,301,GEORGIA,WARREN,20161129,20170101,0143000,2008
99999,00000,NON-METRO,203B,S,0051000,0275665,0352950,0426625,0530150,GA,303,GEORGIA,WASHINGTON,20161129,20170101,0106000,2008
27700,00000,"JESUP, GA",203B,S,0069000,0275665,0352950,0426625,0530150,GA,305,GEORGIA,WAYNE,20161129,20170101,0141000,2008
99999,00000,NON-METRO,203B,S,0048000,0275665,0352950,0426625,0530150,GA,307,GEORGIA,WEBSTER,20161129,20170101,0071000,2008
99999,00000,NON-METRO,203B,S,0027000,0275665,0352950,0426625,0530150,GA,309,GEORGIA,WHEELER,20161129,20170101,0086000,2008
99999,00000,NON-METRO,203B,S,0129000,0275665,0352950,0426625,0530150,GA,311,GEORGIA,WHITE,20161129,20170101,0159000,2008
19140,00000,"DALTON, GA",203B,S,0106000,0275665,0352950,0426625,0530150,GA,313,GEORGIA,WHITFIELD,20161129,20170101,0128000,2008
99999,00000,NON-METRO,203B,S,0034000,0275665,0352950,0426625,0530150,GA,315,GEORGIA,WILCOX,20161129,20170101,0098000,2008
99999,00000,NON-METRO,203B,S,0057000,0275665,0352950,0426625,0530150,GA,317,GEORGIA,WILKES,20161129,20170101,0101000,2008
99999,00000,NON-METRO,203B,S,0029000,0275665,0352950,0426625,0530150,GA,319,GEORGIA,WILKINSON,20161129,20170101,0119000,2008
10500,00000,"ALBANY, GA",203B,S,0143000,0275665,0352950,0426625,0530150,GA,321,GEORGIA,WORTH,20161129,20170101,0191000,2008
99999,00000,NON-METRO,203B,H,0283000,0563500,0721400,0872000,1083650,GU,010,GUAM,GUAM,20161129,20140101,0490000,2008
25900,00000,"HILO, HI",203B,H,0300000,0368000,0471100,0569450,0707700,HI,001,HAWAII,HAWAII,20161129,20140101,0320000,2008
46520,00000,"URBAN HONOLULU, HI",203B,H,0531000,0721050,0923050,1115800,1386650,HI,003,HAWAII,HONOLULU,20161129,20140101,0627000,2008
27980,00000,"KAHULUI-WAILUKU-LAHAINA, HI",203B,H,0522000,0657800,0842100,1017900,1265000,HI,005,HAWAII,KALAWAO,20161129,20140101,0545000,2008
28180,00000,"KAPAA, HI",203B,H,0520000,0713000,0912750,1103350,1371150,HI,007,HAWAII,KAUAI,20161129,20140101,0620000,2008
27980,00000,"KAHULUI-WAILUKU-LAHAINA, HI",203B,H,0522000,0657800,0842100,1017900,1265000,HI,009,HAWAII,MAUI,20161129,20140101,0545000,2008
99999,00000,NON-METRO,203B,S,0070000,0275665,0352950,0426625,0530150,IA,001,IOWA,ADAIR,20161129,20170101,0074000,2008
99999,00000,NON-METRO,203B,S,0048000,0275665,0352950,0426625,0530150,IA,003,IOWA,ADAMS,20161129,20170101,0066000,2013
99999,00000,NON-METRO,203B,S,0080000,0275665,0352950,0426625,0530150,IA,005,IOWA,ALLAMAKEE,20161129,20170101,0092000,2013
99999,00000,NON-METRO,203B,S,0062000,0275665,0352950,0426625,0530150,IA,007,IOWA,APPANOOSE,20161129,20170101,0067000,2008
99999,00000,NON-METRO,203B,S,0038000,0275665,0352950,0426625,0530150,IA,009,IOWA,AUDUBON,20161129,20170101,0071000,2013
16300,00000,"CEDAR RAPIDS, IA",203B,S,0145000,0275665,0352950,0426625,0530150,IA,011,IOWA,BENTON,20161129,20170101,0146000,2015
47940,00000,"WATERLOO-CEDAR FALLS, IA",203B,S,0130000,0275665,0352950,0426625,0530150,IA,013,IOWA,BLACK HAWK,20161129,20170101,0146000,2013
14340,00000,"BOONE, IA",203B,S,0109000,0275665,0352950,0426625,0530150,IA,015,IOWA,BOONE,20161129,20170101,0109000,2015
47940,00000,"WATERLOO-CEDAR FALLS, IA",203B,S,0130000,0275665,0352950,0426625,0530150,IA,017,IOWA,BREMER,20161129,20170101,0146000,2013
99999,00000,NON-METRO,203B,S,0090000,0275665,0352950,0426625,0530150,IA,019,IOWA,BUCHANAN,20161129,20170101,0111000,2008
44740,00000,"STORM LAKE, IA",203B,S,0095000,0275665,0352950,0426625,0530150,IA,021,IOWA,BUENA VISTA,20161129,20170101,0095000,2016
99999,00000,NON-METRO,203B,S,0095000,0275665,0352950,0426625,0530150,IA,023,IOWA,BUTLER,20161129,20170101,0095000,2016
99999,00000,NON-METRO,203B,S,0050000,0275665,0352950,0426625,0530150,IA,025,IOWA,CALHOUN,20161129,20170101,0072000,2008
99999,00000,NON-METRO,203B,S,0090000,0275665,0352950,0426625,0530150,IA,027,IOWA,CARROLL,20161129,20170101,0100000,2013
99999,00000,NON-METRO,203B,S,0070000,0275665,0352950,0426625,0530150,IA,029,IOWA,CASS,20161129,20170101,0080000,2008
99999,00000,NON-METRO,203B,S,0116000,0275665,0352950,0426625,0530150,IA,031,IOWA,CEDAR,20161129,20170101,0128000,2008
32380,00000,"MASON CITY, IA",203B,S,0113000,0275665,0352950,0426625,0530150,IA,033,IOWA,CERRO GORDO,20161129,20170101,0113000,2016
99999,00000,NON-METRO,203B,S,0065000,0275665,0352950,0426625,0530150,IA,035,IOWA,CHEROKEE,20161129,20170101,0075000,2008
99999,00000,NON-METRO,203B,S,0088000,0275665,0352950,0426625,0530150,IA,037,IOWA,CHICKASAW,20161129,20170101,0114000,2013
99999,00000,NON-METRO,203B,S,0070000,0275665,0352950,0426625,0530150,IA,039,IOWA,CLARKE,20161129,20170101,0107000,2013
43980,00000,"SPENCER, IA",203B,S,0090000,0275665,0352950,0426625,0530150,IA,041,IOWA,CLAY,20161129,20170101,0115000,2013
99999,00000,NON-METRO,203B,S,0080000,0275665,0352950,0426625,0530150,IA,043,IOWA,CLAYTON,20161129,20170101,0094000,2008
17540,00000,"CLINTON, IA",203B,S,0093000,0275665,0352950,0426625,0530150,IA,045,IOWA,CLINTON,20161129,20170101,0106000,2013
99999,00000,NON-METRO,203B,S,0077000,0275665,0352950,0426625,0530150,IA,047,IOWA,CRAWFORD,20161129,20170101,0079000,2015
19780,00000,"DES MOINES-WEST DES MOINES, IA",203B,S,0232000,0275665,0352950,0426625,0530150,IA,049,IOWA,DALLAS,20161129,20170101,0232000,2016
36900,00000,"OTTUMWA, IA",203B,S,0100000,0275665,0352950,0426625,0530150,IA,051,IOWA,DAVIS,20161129,20170101,0101000,2015
99999,00000,NON-METRO,203B,S,0053000,0275665,0352950,0426625,0530150,IA,053,IOWA,DECATUR,20161129,20170101,0103000,2013
99999,00000,NON-METRO,203B,S,0100000,0275665,0352950,0426625,0530150,IA,055,IOWA,DELAWARE,20161129,20170101,0102000,2009
15460,00000,"BURLINGTON, IA-IL",203B,S,0086000,0275665,0352950,0426625,0530150,IA,057,IOWA,DES MOINES,20161129,20170101,0095000,2008
44020,00000,"SPIRIT LAKE, IA",203B,S,0168000,0275665,0352950,0426625,0530150,IA,059,IOWA,DICKINSON,20161129,20170101,0180000,2012
20220,00000,"DUBUQUE, IA",203B,S,0141000,0275665,0352950,0426625,0530150,IA,061,IOWA,DUBUQUE,20161129,20170101,0141000,2016
99999,00000,NON-METRO,203B,S,0057000,0275665,0352950,0426625,0530150,IA,063,IOWA,EMMET,20161129,20170101,0076000,2009
99999,00000,NON-METRO,203B,S,0058000,0275665,0352950,0426625,0530150,IA,065,IOWA,FAYETTE,20161129,20170101,0072000,2008
99999,00000,NON-METRO,203B,S,0076000,0275665,0352950,0426625,0530150,IA,067,IOWA,FLOYD,20161129,20170101,0092000,2008
99999,00000,NON-METRO,203B,S,0061000,0275665,0352950,0426625,0530150,IA,069,IOWA,FRANKLIN,20161129,20170101,0087000,2008
99999,00000,NON-METRO,203B,S,0067000,0275665,0352950,0426625,0530150,IA,071,IOWA,FREMONT,20161129,20170101,0105000,2013
99999,00000,NON-METRO,203B,S,0045000,0275665,0352950,0426625,0530150,IA,073,IOWA,GREENE,20161129,20170101,0071000,2008
47940,00000,"WATERLOO-CEDAR FALLS, IA",203B,S,0130000,0275665,0352950,0426625,0530150,IA,075,IOWA,GRUNDY,20161129,20170101,0146000,2013
19780,00000,"DES MOINES-WEST DES MOINES, IA",203B,S,0232000,0275665,0352950,0426625,0530150,IA,077,IOWA,GUTHRIE,20161129,20170101,0232000,2016
99999,00000,NON-METRO,203B,S,0085000,0275665,0352950,0426625,0530150,IA,079,IOWA,HAMILTON,20161129,20170101,0085000,2016
99999,00000,NON-METRO,203B,S,0056000,0275665,0352950,0426625,0530150,IA,081,IOWA,HANCOCK,20161129,20170101,0115000,2008
99999,00000,NON-METRO,203B,S,0064000,0275665,0352950,0426625,0530150,IA,083,IOWA,HARDIN,20161129,20170101,0080000,2008
36540,00000,"OMAHA-COUNCIL BLUFFS, NE-IA",203B,S,0185000,0275665,0352950,0426625,0530150,IA,085,IOWA,HARRISON,20161129,20170101,0185000,2016
99999,00000,NON-METRO,203B,S,0084000,0275665,0352950,0426625,0530150,IA,087,IOWA,HENRY,20161129,20170101,0089000,2015
99999,00000,NON-METRO,203B,S,0050000,0275665,0352950,0426625,0530150,IA,089,IOWA,HOWARD,20161129,20170101,0089000,2008
99999,00000,NON-METRO,203B,S,0075000,0275665,0352950,0426625,0530150,IA,091,IOWA,HUMBOLDT,20161129,20170101,0085000,2008
99999,00000,NON-METRO,203B,S,0049000,0275665,0352950,0426625,0530150,IA,093,IOWA,IDA,20161129,20170101,0092000,2013
99999,00000,NON-METRO,203B,S,0043000,0275665,0352950,0426625,0530150,IA,095,IOWA,IOWA,20161129,20170101,0131000,2008
99999,00000,NON-METRO,203B,S,0081000,0275665,0352950,0426625,0530150,IA,097,IOWA,JACKSON,20161129,20170101,0117000,2009
35500,00000,"NEWTON, IA",203B,S,0093000,0275665,0352950,0426625,0530150,IA,099,IOWA,JASPER,20161129,20170101,0100000,2008
21840,00000,"FAIRFIELD, IA",203B,S,0092000,0275665,0352950,0426625,0530150,IA,101,IOWA,JEFFERSON,20161129,20161129,0095000,2014
26980,00000,"IOWA CITY, IA",203B,S,0225000,0275665,0352950,0426625,0530150,IA,103,IOWA,JOHNSON,20161129,20170101,0225000,2016
16300,00000,"CEDAR RAPIDS, IA",203B,S,0145000,0275665,0352950,0426625,0530150,IA,105,IOWA,JONES,20161129,20170101,0146000,2015
99999,00000,NON-METRO,203B,S,0058000,0275665,0352950,0426625,0530150,IA,107,IOWA,KEOKUK,20161129,20170101,0064000,2008
99999,00000,NON-METRO,203B,S,0068000,0275665,0352950,0426625,0530150,IA,109,IOWA,KOSSUTH,20161129,20170101,0082000,2012
22800,00000,"FORT MADISON-KEOKUK, IA-IL-MO",203B,S,0097000,0275665,0352950,0426625,0530150,IA,111,IOWA,LEE,20161129,20170101,0097000,2016
16300,00000,"CEDAR RAPIDS, IA",203B,S,0145000,0275665,0352950,0426625,0530150,IA,113,IOWA,LINN,20161129,20170101,0146000,2015
99999,00000,NON-METRO,203B,S,0064000,0275665,0352950,0426625,0530150,IA,115,IOWA,LOUISA,20161129,20161129,0130000,2009
99999,00000,NON-METRO,203B,S,0070000,0275665,0352950,0426625,0530150,IA,117,IOWA,LUCAS,20161129,20170101,0092000,2008
99999,00000,NON-METRO,203B,S,0089000,0275665,0352950,0426625,0530150,IA,119,IOWA,LYON,20161129,20170101,0104000,2008
19780,00000,"DES MOINES-WEST DES MOINES, IA",203B,S,0232000,0275665,0352950,0426625,0530150,IA,121,IOWA,MADISON,20161129,20170101,0232000,2016
36820,00000,"OSKALOOSA, IA",203B,S,0088000,0275665,0352950,0426625,0530150,IA,123,IOWA,MAHASKA,20161129,20170101,0105000,2008
99999,00000,NON-METRO,203B,S,0129000,0275665,0352950,0426625,0530150,IA,125,IOWA,MARION,20161129,20161129,0140000,2008
32260,00000,"MARSHALLTOWN, IA",203B,S,0090000,0275665,0352950,0426625,0530150,IA,127,IOWA,MARSHALL,20161129,20170101,0106000,2008
36540,00000,"OMAHA-COUNCIL BLUFFS, NE-IA",203B,S,0185000,0275665,0352950,0426625,0530150,IA,129,IOWA,MILLS,20161129,20170101,0185000,2016
99999,00000,NON-METRO,203B,S,0075000,0275665,0352950,0426625,0530150,IA,131,IOWA,MITCHELL,20161129,20170101,0090000,2008
99999,00000,NON-METRO,203B,S,0050000,0275665,0352950,0426625,0530150,IA,133,IOWA,MONONA,20161129,20170101,0092000,2015
99999,00000,NON-METRO,203B,S,0056000,0275665,0352950,0426625,0530150,IA,135,IOWA,MONROE,20161129,20170101,0092000,2009
99999,00000,NON-METRO,203B,S,0056000,0275665,0352950,0426625,0530150,IA,137,IOWA,MONTGOMERY,20161129,20170101,0066000,2008
34700,00000,"MUSCATINE, IA",203B,S,0115000,0275665,0352950,0426625,0530150,IA,139,IOWA,MUSCATINE,20161129,20170101,0130000,2009
99999,00000,NON-METRO,203B,S,0068000,0275665,0352950,0426625,0530150,IA,141,IOWA,O'BRIEN,20161129,20170101,0093000,2008
99999,00000,NON-METRO,203B,S,0045000,0275665,0352950,0426625,0530150,IA,143,IOWA,OSCEOLA,20161129,20170101,0084000,2013
99999,00000,NON-METRO,203B,S,0041000,0275665,0352950,0426625,0530150,IA,145,IOWA,PAGE,20161129,20170101,0088000,2008
99999,00000,NON-METRO,203B,S,0063000,0275665,0352950,0426625,0530150,IA,147,IOWA,PALO ALTO,20161129,20170101,0071000,2009
43580,00000,"SIOUX CITY, IA-NE-SD",203B,S,0207000,0275665,0352950,0426625,0530150,IA,149,IOWA,PLYMOUTH,20161129,20170101,0207000,2016
99999,00000,NON-METRO,203B,S,0046000,0275665,0352950,0426625,0530150,IA,151,IOWA,POCAHONTAS,20161129,20170101,0068000,2013
19780,00000,"DES MOINES-WEST DES MOINES, IA",203B,S,0232000,0275665,0352950,0426625,0530150,IA,153,IOWA,POLK,20161129,20170101,0232000,2016
36540,00000,"OMAHA-COUNCIL BLUFFS, NE-IA",203B,S,0185000,0275665,0352950,0426625,0530150,IA,155,IOWA,POTTAWATTAMIE,20161129,20170101,0185000,2016
99999,00000,NON-METRO,203B,S,0090000,0275665,0352950,0426625,0530150,IA,157,IOWA,POWESHIEK,20161129,20170101,0111000,2012
99999,00000,NON-METRO,203B,S,0060000,0275665,0352950,0426625,0530150,IA,159,IOWA,RINGGOLD,20161129,20170101,0106000,2008
99999,00000,NON-METRO,203B,S,0050000,0275665,0352950,0426625,0530150,IA,161,IOWA,SAC,20161129,20170101,0073000,2008
19340,00000,"DAVENPORT-MOLINE-ROCK ISLAND, IA-IL",203B,S,0158000,0275665,0352950,0426625,0530150,IA,163,IOWA,SCOTT,20161129,20170101,0158000,2016
99999,00000,NON-METRO,203B,S,0074000,0275665,0352950,0426625,0530150,IA,165,IOWA,SHELBY,20161129,20170101,0100000,2008
99999,00000,NON-METRO,203B,S,0122000,0275665,0352950,0426625,0530150,IA,167,IOWA,SIOUX,20161129,20170101,0129000,2008
11180,00000,"AMES, IA",203B,S,0180000,0275665,0352950,0426625,0530150,IA,169,IOWA,STORY,20161129,20170101,0180000,2016
99999,00000,NON-METRO,203B,S,0075000,0275665,0352950,0426625,0530150,IA,171,IOWA,TAMA,20161129,20170101,0090000,2008
99999,00000,NON-METRO,203B,S,0045000,0275665,0352950,0426625,0530150,IA,173,IOWA,TAYLOR,20161129,20170101,0072000,2013
99999,00000,NON-METRO,203B,S,0065000,0275665,0352950,0426625,0530150,IA,175,IOWA,UNION,20161129,20170101,0076000,2008
99999,00000,NON-METRO,203B,S,0061000,0275665,0352950,0426625,0530150,IA,177,IOWA,VAN BUREN,20161129,20170101,0061000,2016
36900,00000,"OTTUMWA, IA",203B,S,0100000,0275665,0352950,0426625,0530150,IA,179,IOWA,WAPELLO,20161129,20170101,0101000,2015
19780,00000,"DES MOINES-WEST DES MOINES, IA",203B,S,0232000,0275665,0352950,0426625,0530150,IA,181,IOWA,WARREN,20161129,20170101,0232000,2016
26980,00000,"IOWA CITY, IA",203B,S,0225000,0275665,0352950,0426625,0530150,IA,183,IOWA,WASHINGTON,20161129,20170101,0225000,2016
99999,00000,NON-METRO,203B,S,0043000,0275665,0352950,0426625,0530150,IA,185,IOWA,WAYNE,20161129,20170101,0091000,2008
22700,00000,"FORT DODGE, IA",203B,S,0069000,0275665,0352950,0426625,0530150,IA,187,IOWA,WEBSTER,20161129,20170101,0079000,2008
99999,00000,NON-METRO,203B,S,0080000,0275665,0352950,0426625,0530150,IA,189,IOWA,WINNEBAGO,20161129,20170101,0093000,2008
99999,00000,NON-METRO,203B,S,0132000,0275665,0352950,0426625,0530150,IA,191,IOWA,WINNESHIEK,20161129,20170101,0139000,2013
43580,00000,"SIOUX CITY, IA-NE-SD",203B,S,0207000,0275665,0352950,0426625,0530150,IA,193,IOWA,WOODBURY,20161129,20170101,0207000,2016
32380,00000,"MASON CITY, IA",203B,S,0113000,0275665,0352950,0426625,0530150,IA,195,IOWA,WORTH,20161129,20170101,0113000,2016
99999,00000,NON-METRO,203B,S,0055000,0275665,0352950,0426625,0530150,IA,197,IOWA,WRIGHT,20161129,20170101,0077000,2008
14260,00000,"BOISE CITY, ID",203B,S,0238000,0275665,0352950,0426625,0530150,ID,001,IDAHO,ADA,20161129,20170101,0238000,2016
99999,00000,NON-METRO,203B,S,0114000,0275665,0352950,0426625,0530150,ID,003,IDAHO,ADAMS,20161129,20170101,0223000,2009
38540,00000,"POCATELLO, ID",203B,S,0154000,0275665,0352950,0426625,0530150,ID,005,IDAHO,BANNOCK,20161129,20170101,0157000,2009
99999,00000,NON-METRO,203B,S,0146000,0275665,0352950,0426625,0530150,ID,007,IDAHO,BEAR LAKE,20161129,20170101,0167000,2014
99999,00000,NON-METRO,203B,S,0133000,0275665,0352950,0426625,0530150,ID,009,IDAHO,BENEWAH,20161129,20170101,0143000,2009
13940,00000,"BLACKFOOT, ID",203B,S,0161000,0275665,0352950,0426625,0530150,ID,011,IDAHO,BINGHAM,20161129,20170101,0168000,2014
25200,00000,"HAILEY, ID",203B,H,0316000,0636150,0814500,0984525,1223475,ID,013,IDAHO,BLAINE,20161129,20170101,0562000,2008
14260,00000,"BOISE CITY, ID",203B,S,0238000,0275665,0352950,0426625,0530150,ID,015,IDAHO,BOISE,20161129,20170101,0238000,2016
41760,00000,"SANDPOINT, ID",203B,S,0218000,0275665,0352950,0426625,0530150,ID,017,IDAHO,BONNER,20161129,20161129,0218000,2016
26820,00000,"IDAHO FALLS, ID",203B,S,0210000,0275665,0352950,0426625,0530150,ID,019,IDAHO,BONNEVILLE,20161129,20170101,0210000,2016
99999,00000,NON-METRO,203B,S,0150000,0275665,0352950,0426625,0530150,ID,021,IDAHO,BOUNDARY,20161129,20170101,0182000,2009
26820,00000,"IDAHO FALLS, ID",203B,S,0210000,0275665,0352950,0426625,0530150,ID,023,IDAHO,BUTTE,20161129,20170101,0210000,2016
25200,00000,"HAILEY, ID",203B,H,0316000,0636150,0814500,0984525,1223475,ID,025,IDAHO,CAMAS,20161129,20170101,0562000,2008
14260,00000,"BOISE CITY, ID",203B,S,0238000,0275665,0352950,0426625,0530150,ID,027,IDAHO,CANYON,20161129,20170101,0238000,2016
99999,00000,NON-METRO,203B,S,0141000,0275665,0352950,0426625,0530150,ID,029,IDAHO,CARIBOU,20161129,20170101,0152000,2010
15420,00000,"BURLEY, ID",203B,S,0155000,0275665,0352950,0426625,0530150,ID,031,IDAHO,CASSIA,20161129,20170101,0155000,2016
99999,00000,NON-METRO,203B,S,0098000,0275665,0352950,0426625,0530150,ID,033,IDAHO,CLARK,20161129,20170101,0160000,2014
99999,00000,NON-METRO,203B,S,0137000,0275665,0352950,0426625,0530150,ID,035,IDAHO,CLEARWATER,20161129,20170101,0137000,2011
99999,00000,NON-METRO,203B,S,0138000,0275665,0352950,0426625,0530150,ID,037,IDAHO,CUSTER,20161129,20170101,0205000,2013
34300,00000,"MOUNTAIN HOME, ID",203B,S,0143000,0275665,0352950,0426625,0530150,ID,039,IDAHO,ELMORE,20161129,20170101,0171000,2009
30860,00000,"LOGAN, UT-ID",203B,S,0207000,0275665,0352950,0426625,0530150,ID,041,IDAHO,FRANKLIN,20161129,20170101,0222000,2010
39940,00000,"REXBURG, ID",203B,S,0205000,0275665,0352950,0426625,0530150,ID,043,IDAHO,FREMONT,20161129,20170101,0205000,2016
14260,00000,"BOISE CITY, ID",203B,S,0238000,0275665,0352950,0426625,0530150,ID,045,IDAHO,GEM,20161129,20170101,0238000,2016
99999,00000,NON-METRO,203B,S,0130000,0275665,0352950,0426625,0530150,ID,047,IDAHO,GOODING,20161129,20170101,0177000,2009
99999,00000,NON-METRO,203B,S,0145000,0275665,0352950,0426625,0530150,ID,049,IDAHO,IDAHO,20161129,20170101,0160000,2009
26820,00000,"IDAHO FALLS, ID",203B,S,0210000,0275665,0352950,0426625,0530150,ID,051,IDAHO,JEFFERSON,20161129,20170101,0210000,2016
46300,00000,"TWIN FALLS, ID",203B,S,0172000,0275665,0352950,0426625,0530150,ID,053,IDAHO,JEROME,20161129,20170101,0194000,2009
17660,00000,"COEUR D'ALENE, ID",203B,S,0225000,0275665,0352950,0426625,0530150,ID,055,IDAHO,KOOTENAI,20161129,20170101,0225000,2016
34140,00000,"MOSCOW, ID",203B,S,0234000,0275665,0352950,0426625,0530150,ID,057,IDAHO,LATAH,20161129,20170101,0234000,2016
99999,00000,NON-METRO,203B,S,0126000,0275665,0352950,0426625,0530150,ID,059,IDAHO,LEMHI,20161129,20170101,0164000,2009
99999,00000,NON-METRO,203B,S,0085000,0275665,0352950,0426625,0530150,ID,061,IDAHO,LEWIS,20161129,20170101,0138000,2009
25200,00000,"HAILEY, ID",203B,H,0316000,0636150,0814500,0984525,1223475,ID,063,IDAHO,LINCOLN,20161129,20170101,0562000,2008
39940,00000,"REXBURG, ID",203B,S,0205000,0275665,0352950,0426625,0530150,ID,065,IDAHO,MADISON,20161129,20170101,0205000,2016
15420,00000,"BURLEY, ID",203B,S,0155000,0275665,0352950,0426625,0530150,ID,067,IDAHO,MINIDOKA,20161129,20170101,0155000,2016
30300,00000,"LEWISTON, ID-WA",203B,S,0184000,0275665,0352950,0426625,0530150,ID,069,IDAHO,NEZ PERCE,20161129,20170101,0228000,2009
99999,00000,NON-METRO,203B,S,0136000,0275665,0352950,0426625,0530150,ID,071,IDAHO,ONEIDA,20161129,20170101,0181000,2009
14260,00000,"BOISE CITY, ID",203B,S,0238000,0275665,0352950,0426625,0530150,ID,073,IDAHO,OWYHEE,20161129,20170101,0238000,2016
36620,00000,"ONTARIO, OR-ID",203B,S,0156000,0275665,0352950,0426625,0530150,ID,075,IDAHO,PAYETTE,20161129,20170101,0171000,2008
99999,00000,NON-METRO,203B,S,0145000,0275665,0352950,0426625,0530150,ID,077,IDAHO,POWER,20161129,20161129,0157000,2009
99999,00000,NON-METRO,203B,S,0110000,0275665,0352950,0426625,0530150,ID,079,IDAHO,SHOSHONE,20161129,20170101,0137000,2009
27220,00000,"JACKSON, WY-ID",203B,H,0716000,0636150,0814500,0984525,1223475,ID,081,IDAHO,TETON,20161129,20170101,0800000,2008
46300,00000,"TWIN FALLS, ID",203B,S,0172000,0275665,0352950,0426625,0530150,ID,083,IDAHO,TWIN FALLS,20161129,20170101,0194000,2009
99999,00000,NON-METRO,203B,S,0190000,0275665,0352950,0426625,0530150,ID,085,IDAHO,VALLEY,20161129,20170101,0237000,2008
99999,00000,NON-METRO,203B,S,0149000,0275665,0352950,0426625,0530150,ID,087,IDAHO,WASHINGTON,20161129,20170101,0150000,2009
39500,00000,"QUINCY, IL-MO",203B,S,0103000,0275665,0352950,0426625,0530150,IL,001,ILLINOIS,ADAMS,20161129,20170101,0104000,2009
16020,00000,"CAPE GIRARDEAU, MO-IL",203B,S,0155000,0275665,0352950,0426625,0530150,IL,003,ILLINOIS,ALEXANDER,20161129,20170101,0185000,2013
41180,00000,"ST. LOUIS, MO-IL",203B,S,0220000,0275665,0352950,0426625,0530150,IL,005,ILLINOIS,BOND,20161129,20170101,0220000,2016
40420,00000,"ROCKFORD, IL",203B,H,0148000,0339250,0434300,0524950,0652400,IL,007,ILLINOIS,BOONE,20161129,20090101,0295000,2008
99999,00000,NON-METRO,203B,S,0090000,0275665,0352950,0426625,0530150,IL,009,ILLINOIS,BROWN,20161129,20170101,0090000,2016
36860,00000,"OTTAWA-PERU, IL",203B,S,0092000,0275665,0352950,0426625,0530150,IL,011,ILLINOIS,BUREAU,20161129,20170101,0149000,2009
41180,00000,"ST. LOUIS, MO-IL",203B,S,0220000,0275665,0352950,0426625,0530150,IL,013,ILLINOIS,CALHOUN,20161129,20170101,0220000,2016
99999,00000,NON-METRO,203B,S,0080000,0275665,0352950,0426625,0530150,IL,015,ILLINOIS,CARROLL,20161129,20170101,0100000,2009
99999,00000,NON-METRO,203B,S,0075000,0275665,0352950,0426625,0530150,IL,017,ILLINOIS,CASS,20161129,20170101,0075000,2016
16580,00000,"CHAMPAIGN-URBANA, IL",203B,S,0148000,0275665,0352950,0426625,0530150,IL,019,ILLINOIS,CHAMPAIGN,20161129,20170101,0148000,2008
45380,00000,"TAYLORVILLE, IL",203B,S,0070000,0275665,0352950,0426625,0530150,IL,021,ILLINOIS,CHRISTIAN,20161129,20170101,0087000,2009
99999,00000,NON-METRO,203B,S,0079000,0275665,0352950,0426625,0530150,IL,023,ILLINOIS,CLARK,20161129,20170101,0089000,2008
99999,00000,NON-METRO,203B,S,0068000,0275665,0352950,0426625,0530150,IL,025,ILLINOIS,CLAY,20161129,20170101,0085000,2009
41180,00000,"ST. LOUIS, MO-IL",203B,S,0220000,0275665,0352950,0426625,0530150,IL,027,ILLINOIS,CLINTON,20161129,20170101,0220000,2016
16660,00000,"CHARLESTON-MATTOON, IL",203B,S,0087000,0275665,0352950,0426625,0530150,IL,029,ILLINOIS,COLES,20161129,20170101,0101000,2009
16980,16974,"CHICAGO-NAPERVILLE-ELGIN, IL-IN-WI",203B,H,0297000,0365700,0468150,0565900,0703250,IL,031,ILLINOIS,COOK,20161129,20140101,0318000,2008
99999,00000,NON-METRO,203B,S,0060000,0275665,0352950,0426625,0530150,IL,033,ILLINOIS,CRAWFORD,20161129,20170101,0076000,2014
16660,00000,"CHARLESTON-MATTOON, IL",203B,S,0087000,0275665,0352950,0426625,0530150,IL,035,ILLINOIS,CUMBERLAND,20161129,20170101,0101000,2009
16980,20994,"CHICAGO-NAPERVILLE-ELGIN, IL-IN-WI",203B,H,0297000,0365700,0468150,0565900,0703250,IL,037,ILLINOIS,DEKALB,20161129,20140101,0318000,2008
14010,00000,"BLOOMINGTON, IL",203B,S,0152000,0275665,0352950,0426625,0530150,IL,039,ILLINOIS,DE WITT,20161129,20161129,0162000,2008
99999,00000,NON-METRO,203B,S,0087000,0275665,0352950,0426625,0530150,IL,041,ILLINOIS,DOUGLAS,20161129,20170101,0101000,2009
16980,16974,"CHICAGO-NAPERVILLE-ELGIN, IL-IN-WI",203B,H,0297000,0365700,0468150,0565900,0703250,IL,043,ILLINOIS,DUPAGE,20161129,20140101,0318000,2008
99999,00000,NON-METRO,203B,S,0076000,0275665,0352950,0426625,0530150,IL,045,ILLINOIS,EDGAR,20161129,20170101,0076000,2016
99999,00000,NON-METRO,203B,S,0068000,0275665,0352950,0426625,0530150,IL,047,ILLINOIS,EDWARDS,20161129,20170101,0069000,2015
20820,00000,"EFFINGHAM, IL",203B,S,0097000,0275665,0352950,0426625,0530150,IL,049,ILLINOIS,EFFINGHAM,20161129,20170101,0134000,2009
99999,00000,NON-METRO,203B,S,0086000,0275665,0352950,0426625,0530150,IL,051,ILLINOIS,FAYETTE,20161129,20170101,0086000,2016
16580,00000,"CHAMPAIGN-URBANA, IL",203B,S,0148000,0275665,0352950,0426625,0530150,IL,053,ILLINOIS,FORD,20161129,20170101,0148000,2008
99999,00000,NON-METRO,203B,S,0069000,0275665,0352950,0426625,0530150,IL,055,ILLINOIS,FRANKLIN,20161129,20170101,0069000,2016
15900,00000,"CANTON, IL",203B,S,0065000,0275665,0352950,0426625,0530150,IL,057,ILLINOIS,FULTON,20161129,20170101,0084000,2009
99999,00000,NON-METRO,203B,S,0032000,0275665,0352950,0426625,0530150,IL,059,ILLINOIS,GALLATIN,20161129,20170101,0063000,2009
99999,00000,NON-METRO,203B,S,0089000,0275665,0352950,0426625,0530150,IL,061,ILLINOIS,GREENE,20161129,20170101,0098000,2015
16980,16974,"CHICAGO-NAPERVILLE-ELGIN, IL-IN-WI",203B,H,0297000,0365700,0468150,0565900,0703250,IL,063,ILLINOIS,GRUNDY,20161129,20140101,0318000,2008
99999,00000,NON-METRO,203B,S,0038000,0275665,0352950,0426625,0530150,IL,065,ILLINOIS,HAMILTON,20161129,20161129,0089000,2008
22800,00000,"FORT MADISON-KEOKUK, IA-IL-MO",203B,S,0097000,0275665,0352950,0426625,0530150,IL,067,ILLINOIS,HANCOCK,20161129,20170101,0097000,2016
99999,00000,NON-METRO,203B,S,0072000,0275665,0352950,0426625,0530150,IL,069,ILLINOIS,HARDIN,20161129,20170101,0076000,2015
15460,00000,"BURLINGTON, IA-IL",203B,S,0086000,0275665,0352950,0426625,0530150,IL,071,ILLINOIS,HENDERSON,20161129,20170101,0095000,2008
19340,00000,"DAVENPORT-MOLINE-ROCK ISLAND, IA-IL",203B,S,0158000,0275665,0352950,0426625,0530150,IL,073,ILLINOIS,HENRY,20161129,20170101,0158000,2016
99999,00000,NON-METRO,203B,S,0065000,0275665,0352950,0426625,0530150,IL,075,ILLINOIS,IROQUOIS,20161129,20170101,0111000,2009
16060,00000,"CARBONDALE-MARION, IL",203B,S,0083000,0275665,0352950,0426625,0530150,IL,077,ILLINOIS,JACKSON,20161129,20170101,0104000,2009
99999,00000,NON-METRO,203B,S,0118000,0275665,0352950,0426625,0530150,IL,079,ILLINOIS,JASPER,20161129,20170101,0118000,2016
34500,00000,"MOUNT VERNON, IL",203B,S,0074000,0275665,0352950,0426625,0530150,IL,081,ILLINOIS,JEFFERSON,20161129,20170101,0089000,2008
41180,00000,"ST. LOUIS, MO-IL",203B,S,0220000,0275665,0352950,0426625,0530150,IL,083,ILLINOIS,JERSEY,20161129,20170101,0220000,2016
99999,00000,NON-METRO,203B,S,0118000,0275665,0352950,0426625,0530150,IL,085,ILLINOIS,JO DAVIESS,20161129,20170101,0135000,2008
99999,00000,NON-METRO,203B,S,0094000,0275665,0352950,0426625,0530150,IL,087,ILLINOIS,JOHNSON,20161129,20170101,0105000,2009
16980,20994,"CHICAGO-NAPERVILLE-ELGIN, IL-IN-WI",203B,H,0297000,0365700,0468150,0565900,0703250,IL,089,ILLINOIS,KANE,20161129,20140101,0318000,2008
28100,00000,"KANKAKEE, IL",203B,S,0129000,0275665,0352950,0426625,0530150,IL,091,ILLINOIS,KANKAKEE,20161129,20170101,0153000,2008
16980,16974,"CHICAGO-NAPERVILLE-ELGIN, IL-IN-WI",203B,H,0297000,0365700,0468150,0565900,0703250,IL,093,ILLINOIS,KENDALL,20161129,20140101,0318000,2008
23660,00000,"GALESBURG, IL",203B,S,0070000,0275665,0352950,0426625,0530150,IL,095,ILLINOIS,KNOX,20161129,20170101,0089000,2008
16980,29404,"CHICAGO-NAPERVILLE-ELGIN, IL-IN-WI",203B,H,0297000,0365700,0468150,0565900,0703250,IL,097,ILLINOIS,LAKE,20161129,20140101,0318000,2008
36860,00000,"OTTAWA-PERU, IL",203B,S,0092000,0275665,0352950,0426625,0530150,IL,099,ILLINOIS,LASALLE,20161129,20170101,0149000,2009
99999,00000,NON-METRO,203B,S,0040000,0275665,0352950,0426625,0530150,IL,101,ILLINOIS,LAWRENCE,20161129,20170101,0074000,2009
19940,00000,"DIXON, IL",203B,S,0086000,0275665,0352950,0426625,0530150,IL,103,ILLINOIS,LEE,20161129,20170101,0118000,2008
38700,00000,"PONTIAC, IL",203B,S,0075000,0275665,0352950,0426625,0530150,IL,105,ILLINOIS,LIVINGSTON,20161129,20170101,0110000,2009
30660,00000,"LINCOLN, IL",203B,S,0085000,0275665,0352950,0426625,0530150,IL,107,ILLINOIS,LOGAN,20161129,20170101,0102000,2009
31380,00000,"MACOMB, IL",203B,S,0099000,0275665,0352950,0426625,0530150,IL,109,ILLINOIS,MCDONOUGH,20161129,20170101,0099000,2016
16980,16974,"CHICAGO-NAPERVILLE-ELGIN, IL-IN-WI",203B,H,0297000,0365700,0468150,0565900,0703250,IL,111,ILLINOIS,MCHENRY,20161129,20140101,0318000,2008
14010,00000,"BLOOMINGTON, IL",203B,S,0152000,0275665,0352950,0426625,0530150,IL,113,ILLINOIS,MCLEAN,20161129,20161129,0162000,2008
