msa-code,metro-code,metro-name,program,limit-type,median-price,limit-1-unit,limit-2-units,limit-3-units,limit-4-units,state,county-fips,state-name,county-name,county-transaction-date,limit-transaction-date,median-price-determining-limit,year-for-median-determining-limit
,,,ZZ203,S,,1149825,1472250,1779525,2211600,,,,,,20231115,,
,,,203B,S,,0498257,0637950,0771125,0958350,,,,,,20240101,,
99999,00000,NON-METRO,203B,S,0194000,0498257,0637950,0771125,0958350,AK,013,ALASKA,ALEUTIANS EAST,,20240101,0214000,2013
99999,00000,NON-METRO,203B,H,0450000,0545100,0697800,0843500,1048300,AK,016,ALASKA,ALEUTIANS WEST,,20210101,0474000,2020
11260,00000,"ANCHORAGE, AK",203B,S,0420000,0498257,0637950,0771125,0958350,AK,020,ALASKA,ANCHORAGE MUNIC,,20240101,0420000,2023
99999,00000,NON-METRO,203B,S,0151000,0498257,0637950,0771125,0958350,AK,050,ALASKA,BETHEL CENSUS A,,20240101,0208000,2015
99999,00000,NON-METRO,203B,S,0345000,0498257,0637950,0771125,0958350,AK,060,ALASKA,BRISTOL BAY BOR,,20240101,0345000,2023
99999,00000,NON-METRO,203B,S,0253000,0498257,0637950,0771125,0958350,AK,063,ALASKA,CHUGACH CENSUS,,20240101,0320000,2022
99999,00000,NON-METRO,203B,S,0253000,0498257,0637950,0771125,0958350,AK,066,ALASKA,COPPER RIVER CE,,20240101,0320000,2022
99999,00000,NON-METRO,203B,S,0273000,0498257,0637950,0771125,0958350,AK,068,ALASKA,DENALI BOROUGH,,20240101,0297000,2022
99999,00000,NON-METRO,203B,S,0209000,0498257,0637950,0771125,0958350,AK,070,ALASKA,DILLINGHAM CENS,,20240101,0259000,2017
21820,00000,"FAIRBANKS, AK",203B,S,0311000,0498257,0637950,0771125,0958350,AK,090,ALASKA,FAIRBANKS NORTH,,20240101,0311000,2022
99999,00000,NON-METRO,203B,S,0282000,0498257,0637950,0771125,0958350,AK,100,ALASKA,HAINES BOROUGH,,20240101,0282000,2023
99999,00000,NON-METRO,203B,H,0327000,0524400,0671300,0811450,1008450,AK,105,ALASKA,HOONAH-ANGOON C,,20230101,0456000,2022
27940,00000,"JUNEAU, AK",203B,H,0481000,0553150,0708150,0855950,1063750,AK,110,ALASKA,JUNEAU CITY AND,,20240101,0481000,2023
99999,00000,NON-METRO,203B,S,0294000,0498257,0637950,0771125,0958350,AK,122,ALASKA,KENAI PENINSULA,,20240101,0295000,2022
28540,00000,"KETCHIKAN, AK",203B,S,0375000,0498257,0637950,0771125,0958350,AK,130,ALASKA,KETCHIKAN GATEW,,20240101,0422000,2022
99999,00000,NON-METRO,203B,H,0450000,0517500,0662500,0800800,0995200,AK,150,ALASKA,KODIAK ISLAND B,,20240101,0450000,2023
99999,00000,NON-METRO,203B,S,0098000,0498257,0637950,0771125,0958350,AK,158,ALASKA,KUSILVAK CENSUS,,20240101,0161000,2013
99999,00000,NON-METRO,203B,S,0156000,0498257,0637950,0771125,0958350,AK,164,ALASKA,LAKE AND PENINS,,20240101,0179000,2022
11260,00000,"ANCHORAGE, AK",203B,S,0420000,0498257,0637950,0771125,0958350,AK,170,ALASKA,MATANUSKA-SUSIT,,20240101,0420000,2023
99999,00000,NON-METRO,203B,S,0375000,0498257,0637950,0771125,0958350,AK,180,ALASKA,NOME CENSUS ARE,,20240101,0383000,2020
99999,00000,NON-METRO,203B,S,0281000,0498257,0637950,0771125,0958350,AK,185,ALASKA,NORTH SLOPE BOR,,20240101,0289000,2013
99999,00000,NON-METRO,203B,S,0176000,0498257,0637950,0771125,0958350,AK,188,ALASKA,NORTHWEST ARCTI,,20240101,0204000,2016
99999,00000,NON-METRO,203B,S,0300000,0498257,0637950,0771125,0958350,AK,195,ALASKA,PETERSBURG CENS,,20240101,0300000,2023
99999,00000,NON-METRO,203B,S,0258000,0498257,0637950,0771125,0958350,AK,198,ALASKA,PRINCE OF WALES,,20240101,0258000,2023
99999,00000,NON-METRO,203B,H,0489000,0586500,0750800,0907550,1127900,AK,220,ALASKA,SITKA CITY AND,,20230101,0510000,2022
99999,00000,NON-METRO,203B,H,0327000,0524400,0671300,0811450,1008450,AK,230,ALASKA,SKAGWAY MUNICIP,,20230101,0456000,2022
99999,00000,NON-METRO,203B,S,0258000,0498257,0637950,0771125,0958350,AK,240,ALASKA,SOUTHEAST FAIRB,,20240101,0258000,2023
99999,00000,NON-METRO,203B,S,0300000,0498257,0637950,0771125,0958350,AK,275,ALASKA,WRANGELL CITY A,,20240101,0300000,2023
99999,00000,NON-METRO,203B,S,0247000,0498257,0637950,0771125,0958350,AK,282,ALASKA,YAKUTAT CITY AN,,20240101,0366000,2013
99999,00000,NON-METRO,203B,S,0104000,0498257,0637950,0771125,0958350,AK,290,ALASKA,YUKON-KOYUKUK C,,20240101,0117000,2015
33860,00000,"MONTGOMERY, AL",203B,S,0191000,0498257,0637950,0771125,0958350,AL,001,ALABAMA,AUTAUGA,,20240101,0191000,2023
19300,00000,"DAPHNE-FAIRHOPE-FOLEY, AL",203B,S,0295000,0498257,0637950,0771125,0958350,AL,003,ALABAMA,BALDWIN,,20240101,0295000,2023
21640,00000,"EUFAULA, AL-GA",203B,S,0128000,0498257,0637950,0771125,0958350,AL,005,ALABAMA,BARBOUR,,20240101,0128000,2023
13820,00000,"BIRMINGHAM-HOOVER, AL",203B,S,0299000,0498257,0637950,0771125,0958350,AL,007,ALABAMA,BIBB,,20240101,0299000,2023
13820,00000,"BIRMINGHAM-HOOVER, AL",203B,S,0299000,0498257,0637950,0771125,0958350,AL,009,ALABAMA,BLOUNT,,20240101,0299000,2023
99999,00000,NON-METRO,203B,S,0104000,0498257,0637950,0771125,0958350,AL,011,ALABAMA,BULLOCK,,20240101,0104000,2023
99999,00000,NON-METRO,203B,S,0134000,0498257,0637950,0771125,0958350,AL,013,ALABAMA,BUTLER,,20240101,0135000,2022
11500,00000,"ANNISTON-OXFORD, AL",203B,S,0120000,0498257,0637950,0771125,0958350,AL,015,ALABAMA,CALHOUN,,20240101,0157000,2021
29300,00000,"LAGRANGE, GA-AL",203B,S,0182000,0498257,0637950,0771125,0958350,AL,017,ALABAMA,CHAMBERS,,20240101,0182000,2023
99999,00000,NON-METRO,203B,S,0130000,0498257,0637950,0771125,0958350,AL,019,ALABAMA,CHEROKEE,,20240101,0141000,2020
13820,00000,"BIRMINGHAM-HOOVER, AL",203B,S,0299000,0498257,0637950,0771125,0958350,AL,021,ALABAMA,CHILTON,,20240101,0299000,2023
99999,00000,NON-METRO,203B,S,0114000,0498257,0637950,0771125,0958350,AL,023,ALABAMA,CHOCTAW,,20240101,0114000,2023
99999,00000,NON-METRO,203B,S,0163000,0498257,0637950,0771125,0958350,AL,025,ALABAMA,CLARKE,,20240101,0163000,2023
99999,00000,NON-METRO,203B,S,0099000,0498257,0637950,0771125,0958350,AL,027,ALABAMA,CLAY,,20240101,0099000,2023
99999,00000,NON-METRO,203B,S,0167000,0498257,0637950,0771125,0958350,AL,029,ALABAMA,CLEBURNE,,20240101,0177000,2020
21460,00000,"ENTERPRISE, AL",203B,S,0170000,0498257,0637950,0771125,0958350,AL,031,ALABAMA,COFFEE,,20240101,0170000,2023
22520,00000,"FLORENCE-MUSCLE SHOALS, AL",203B,S,0160000,0498257,0637950,0771125,0958350,AL,033,ALABAMA,COLBERT,,20240101,0176000,2019
99999,00000,NON-METRO,203B,S,0119000,0498257,0637950,0771125,0958350,AL,035,ALABAMA,CONECUH,,20240101,0119000,2023
10760,00000,"ALEXANDER CITY, AL",203B,S,0160000,0498257,0637950,0771125,0958350,AL,037,ALABAMA,COOSA,,20240101,0195000,2016
99999,00000,NON-METRO,203B,S,0100000,0498257,0637950,0771125,0958350,AL,039,ALABAMA,COVINGTON,,20240101,0103000,2022
99999,00000,NON-METRO,203B,S,0123000,0498257,0637950,0771125,0958350,AL,041,ALABAMA,CRENSHAW,,20240101,0123000,2023
18980,00000,"CULLMAN, AL",203B,S,0160000,0498257,0637950,0771125,0958350,AL,043,ALABAMA,CULLMAN,,20240101,0160000,2023
37120,00000,"OZARK, AL",203B,S,0118000,0498257,0637950,0771125,0958350,AL,045,ALABAMA,DALE,,20240101,0118000,2012
42820,00000,"SELMA, AL",203B,S,0055000,0498257,0637950,0771125,0958350,AL,047,ALABAMA,DALLAS,,20240101,0097000,2010
22840,00000,"FORT PAYNE, AL",203B,S,0086000,0498257,0637950,0771125,0958350,AL,049,ALABAMA,DEKALB,,20240101,0146000,2019
33860,00000,"MONTGOMERY, AL",203B,S,0191000,0498257,0637950,0771125,0958350,AL,051,ALABAMA,ELMORE,,20240101,0191000,2023
12120,00000,"ATMORE, AL",203B,S,0138000,0498257,0637950,0771125,0958350,AL,053,ALABAMA,ESCAMBIA,,20240101,0207000,2022
23460,00000,"GADSDEN, AL",203B,S,0196000,0498257,0637950,0771125,0958350,AL,055,ALABAMA,ETOWAH,,20240101,0196000,2023
99999,00000,NON-METRO,203B,S,0068000,0498257,0637950,0771125,0958350,AL,057,ALABAMA,FAYETTE,,20240101,0111000,2010
99999,00000,NON-METRO,203B,S,0097000,0498257,0637950,0771125,0958350,AL,059,ALABAMA,FRANKLIN,,20240101,0097000,2023
20020,00000,"DOTHAN, AL",203B,S,0177000,0498257,0637950,0771125,0958350,AL,061,ALABAMA,GENEVA,,20240101,0177000,2023
46220,00000,"TUSCALOOSA, AL",203B,S,0205000,0498257,0637950,0771125,0958350,AL,063,ALABAMA,GREENE,,20240101,0288000,2015
46220,00000,"TUSCALOOSA, AL",203B,S,0205000,0498257,0637950,0771125,0958350,AL,065,ALABAMA,HALE,,20240101,0288000,2015
20020,00000,"DOTHAN, AL",203B,S,0177000,0498257,0637950,0771125,0958350,AL,067,ALABAMA,HENRY,,20240101,0177000,2023
20020,00000,"DOTHAN, AL",203B,S,0177000,0498257,0637950,0771125,0958350,AL,069,ALABAMA,HOUSTON,,20240101,0177000,2023
42460,00000,"SCOTTSBORO, AL",203B,S,0163000,0498257,0637950,0771125,0958350,AL,071,ALABAMA,JACKSON,,20240101,0163000,2023
13820,00000,"BIRMINGHAM-HOOVER, AL",203B,S,0299000,0498257,0637950,0771125,0958350,AL,073,ALABAMA,JEFFERSON,,20240101,0299000,2023
99999,00000,NON-METRO,203B,S,0146000,0498257,0637950,0771125,0958350,AL,075,ALABAMA,LAMAR,,20240101,0352000,2022
22520,00000,"FLORENCE-MUSCLE SHOALS, AL",203B,S,0160000,0498257,0637950,0771125,0958350,AL,077,ALABAMA,LAUDERDALE,,20240101,0176000,2019
19460,00000,"DECATUR, AL",203B,S,0202000,0498257,0637950,0771125,0958350,AL,079,ALABAMA,LAWRENCE,,20240101,0202000,2023
12220,00000,"AUBURN-OPELIKA, AL",203B,S,0303000,0498257,0637950,0771125,0958350,AL,081,ALABAMA,LEE,,20240101,0309000,2022
26620,00000,"HUNTSVILLE, AL",203B,S,0285000,0498257,0637950,0771125,0958350,AL,083,ALABAMA,LIMESTONE,,20240101,0285000,2023
33860,00000,"MONTGOMERY, AL",203B,S,0191000,0498257,0637950,0771125,0958350,AL,085,ALABAMA,LOWNDES,,20240101,0191000,2023
99999,00000,NON-METRO,203B,S,0121000,0498257,0637950,0771125,0958350,AL,087,ALABAMA,MACON,,20240101,0121000,2023
26620,00000,"HUNTSVILLE, AL",203B,S,0285000,0498257,0637950,0771125,0958350,AL,089,ALABAMA,MADISON,,20240101,0285000,2023
99999,00000,NON-METRO,203B,S,0128000,0498257,0637950,0771125,0958350,AL,091,ALABAMA,MARENGO,,20240101,0128000,2023
99999,00000,NON-METRO,203B,S,0103000,0498257,0637950,0771125,0958350,AL,093,ALABAMA,MARION,,20240101,0120000,2022
10700,00000,"ALBERTVILLE, AL",203B,S,0155000,0498257,0637950,0771125,0958350,AL,095,ALABAMA,MARSHALL,,20240101,0155000,2023
33660,00000,"MOBILE, AL",203B,S,0157000,0498257,0637950,0771125,0958350,AL,097,ALABAMA,MOBILE,,20240101,0157000,2023
99999,00000,NON-METRO,203B,S,0084000,0498257,0637950,0771125,0958350,AL,099,ALABAMA,MONROE,,20240101,0107000,2010
33860,00000,"MONTGOMERY, AL",203B,S,0191000,0498257,0637950,0771125,0958350,AL,101,ALABAMA,MONTGOMERY,,20240101,0191000,2023
19460,00000,"DECATUR, AL",203B,S,0202000,0498257,0637950,0771125,0958350,AL,103,ALABAMA,MORGAN,,20240101,0202000,2023
99999,00000,NON-METRO,203B,S,0123000,0498257,0637950,0771125,0958350,AL,105,ALABAMA,PERRY,,20240101,0123000,2023
46220,00000,"TUSCALOOSA, AL",203B,S,0205000,0498257,0637950,0771125,0958350,AL,107,ALABAMA,PICKENS,,20240101,0288000,2015
45980,00000,"TROY, AL",203B,S,0131000,0498257,0637950,0771125,0958350,AL,109,ALABAMA,PIKE,,20240101,0136000,2022
99999,00000,NON-METRO,203B,S,0275000,0498257,0637950,0771125,0958350,AL,111,ALABAMA,RANDOLPH,,20240101,0275000,2023
17980,00000,"COLUMBUS, GA-AL",203B,S,0277000,0498257,0637950,0771125,0958350,AL,113,ALABAMA,RUSSELL,,20240101,0277000,2023
13820,00000,"BIRMINGHAM-HOOVER, AL",203B,S,0299000,0498257,0637950,0771125,0958350,AL,115,ALABAMA,ST. CLAIR,,20240101,0299000,2023
13820,00000,"BIRMINGHAM-HOOVER, AL",203B,S,0299000,0498257,0637950,0771125,0958350,AL,117,ALABAMA,SHELBY,,20240101,0299000,2023
99999,00000,NON-METRO,203B,S,0115000,0498257,0637950,0771125,0958350,AL,119,ALABAMA,SUMTER,,20240101,0115000,2023
45180,00000,"TALLADEGA-SYLACAUGA, AL",203B,S,0108000,0498257,0637950,0771125,0958350,AL,121,ALABAMA,TALLADEGA,,20240101,0158000,2009
10760,00000,"ALEXANDER CITY, AL",203B,S,0160000,0498257,0637950,0771125,0958350,AL,123,ALABAMA,TALLAPOOSA,,20240101,0195000,2016
46220,00000,"TUSCALOOSA, AL",203B,S,0205000,0498257,0637950,0771125,0958350,AL,125,ALABAMA,TUSCALOOSA,,20240101,0288000,2015
27530,00000,"JASPER, AL",203B,S,0069000,0498257,0637950,0771125,0958350,AL,127,ALABAMA,WALKER,,20240101,0086000,2008
33660,00000,"MOBILE, AL",203B,S,0157000,0498257,0637950,0771125,0958350,AL,129,ALABAMA,WASHINGTON,,20240101,0157000,2023
99999,00000,NON-METRO,203B,S,0120000,0498257,0637950,0771125,0958350,AL,131,ALABAMA,WILCOX,,20240101,0120000,2023
99999,00000,NON-METRO,203B,S,0100000,0498257,0637950,0771125,0958350,AL,133,ALABAMA,WINSTON,,20240101,0114000,2021
99999,00000,NON-METRO,203B,S,0089000,0498257,0637950,0771125,0958350,AR,001,ARKANSAS,ARKANSAS,,20240101,0097000,2021
99999,00000,NON-METRO,203B,S,0060000,0498257,0637950,0771125,0958350,AR,003,ARKANSAS,ASHLEY,,20240101,0079000,2013
34260,00000,"MOUNTAIN HOME, AR",203B,S,0166000,0498257,0637950,0771125,0958350,AR,005,ARKANSAS,BAXTER,,20240101,0166000,2023
22220,00000,"FAYETTEVILLE-SPRINGDALE-ROGERS, AR",203B,S,0336000,0498257,0637950,0771125,0958350,AR,007,ARKANSAS,BENTON,,20240101,0336000,2023
25460,00000,"HARRISON, AR",203B,S,0162000,0498257,0637950,0771125,0958350,AR,009,ARKANSAS,BOONE,,20240101,0172000,2022
99999,00000,NON-METRO,203B,S,0055000,0498257,0637950,0771125,0958350,AR,011,ARKANSAS,BRADLEY,,20240101,0066000,2022
15780,00000,"CAMDEN, AR",203B,S,0060000,0498257,0637950,0771125,0958350,AR,013,ARKANSAS,CALHOUN,,20240101,0173000,2009
99999,00000,NON-METRO,203B,S,0160000,0498257,0637950,0771125,0958350,AR,015,ARKANSAS,CARROLL,,20240101,0160000,2023
99999,00000,NON-METRO,203B,S,0075000,0498257,0637950,0771125,0958350,AR,017,ARKANSAS,CHICOT,,20240101,0119000,2008
11660,00000,"ARKADELPHIA, AR",203B,S,0219000,0498257,0637950,0771125,0958350,AR,019,ARKANSAS,CLARK,,20240101,0219000,2023
99999,00000,NON-METRO,203B,S,0106000,0498257,0637950,0771125,0958350,AR,021,ARKANSAS,CLAY,,20240101,0108000,2022
99999,00000,NON-METRO,203B,S,0155000,0498257,0637950,0771125,0958350,AR,023,ARKANSAS,CLEBURNE,,20240101,0155000,2023
38220,00000,"PINE BLUFF, AR",203B,S,0138000,0498257,0637950,0771125,0958350,AR,025,ARKANSAS,CLEVELAND,,20240101,0138000,2023
31620,00000,"MAGNOLIA, AR",203B,S,0149000,0498257,0637950,0771125,0958350,AR,027,ARKANSAS,COLUMBIA,,20240101,0149000,2023
99999,00000,NON-METRO,203B,S,0094000,0498257,0637950,0771125,0958350,AR,029,ARKANSAS,CONWAY,,20240101,0154000,2022
27860,00000,"JONESBORO, AR",203B,S,0190000,0498257,0637950,0771125,0958350,AR,031,ARKANSAS,CRAIGHEAD,,20240101,0190000,2023
22900,00000,"FORT SMITH, AR-OK",203B,S,0155000,0498257,0637950,0771125,0958350,AR,033,ARKANSAS,CRAWFORD,,20240101,0175000,2020
32820,00000,"MEMPHIS, TN-MS-AR",203B,S,0328000,0498257,0637950,0771125,0958350,AR,035,ARKANSAS,CRITTENDEN,,20240101,0328000,2023
99999,00000,NON-METRO,203B,S,0107000,0498257,0637950,0771125,0958350,AR,037,ARKANSAS,CROSS,,20240101,0111000,2022
99999,00000,NON-METRO,203B,S,0056000,0498257,0637950,0771125,0958350,AR,039,ARKANSAS,DALLAS,,20240101,0083000,2008
99999,00000,NON-METRO,203B,S,0060000,0498257,0637950,0771125,0958350,AR,041,ARKANSAS,DESHA,,20240101,0078000,2022
99999,00000,NON-METRO,203B,S,0125000,0498257,0637950,0771125,0958350,AR,043,ARKANSAS,DREW,,20240101,0140000,2022
30780,00000,"LITTLE ROCK-NORTH LITTLE ROCK-CONWAY, AR",203B,S,0214000,0498257,0637950,0771125,0958350,AR,045,ARKANSAS,FAULKNER,,20240101,0214000,2023
22900,00000,"FORT SMITH, AR-OK",203B,S,0155000,0498257,0637950,0771125,0958350,AR,047,ARKANSAS,FRANKLIN,,20240101,0175000,2020
99999,00000,NON-METRO,203B,S,0080000,0498257,0637950,0771125,0958350,AR,049,ARKANSAS,FULTON,,20240101,0108000,2019
26300,00000,"HOT SPRINGS, AR",203B,S,0187000,0498257,0637950,0771125,0958350,AR,051,ARKANSAS,GARLAND,,20240101,0187000,2023
30780,00000,"LITTLE ROCK-NORTH LITTLE ROCK-CONWAY, AR",203B,S,0214000,0498257,0637950,0771125,0958350,AR,053,ARKANSAS,GRANT,,20240101,0214000,2023
37500,00000,"PARAGOULD, AR",203B,S,0140000,0498257,0637950,0771125,0958350,AR,055,ARKANSAS,GREENE,,20240101,0140000,2022
26260,00000,"HOPE, AR",203B,S,0100000,0498257,0637950,0771125,0958350,AR,057,ARKANSAS,HEMPSTEAD,,20240101,0100000,2023
31680,00000,"MALVERN, AR",203B,S,0120000,0498257,0637950,0771125,0958350,AR,059,ARKANSAS,HOT SPRING,,20240101,0139000,2022
99999,00000,NON-METRO,203B,S,0094000,0498257,0637950,0771125,0958350,AR,061,ARKANSAS,HOWARD,,20240101,0105000,2019
12900,00000,"BATESVILLE, AR",203B,S,0115000,0498257,0637950,0771125,0958350,AR,063,ARKANSAS,INDEPENDENCE,,20240101,0115000,2022
99999,00000,NON-METRO,203B,S,0106000,0498257,0637950,0771125,0958350,AR,065,ARKANSAS,IZARD,,20240101,0106000,2023
99999,00000,NON-METRO,203B,S,0053000,0498257,0637950,0771125,0958350,AR,067,ARKANSAS,JACKSON,,20240101,0097000,2022
38220,00000,"PINE BLUFF, AR",203B,S,0138000,0498257,0637950,0771125,0958350,AR,069,ARKANSAS,JEFFERSON,,20240101,0138000,2023
99999,00000,NON-METRO,203B,S,0096000,0498257,0637950,0771125,0958350,AR,071,ARKANSAS,JOHNSON,,20240101,0146000,2022
99999,00000,NON-METRO,203B,S,0063000,0498257,0637950,0771125,0958350,AR,073,ARKANSAS,LAFAYETTE,,20240101,0080000,2022
99999,00000,NON-METRO,203B,S,0065000,0498257,0637950,0771125,0958350,AR,075,ARKANSAS,LAWRENCE,,20240101,0067000,2022
99999,00000,NON-METRO,203B,S,0105000,0498257,0637950,0771125,0958350,AR,077,ARKANSAS,LEE,,20240101,0122000,2020
38220,00000,"PINE BLUFF, AR",203B,S,0138000,0498257,0637950,0771125,0958350,AR,079,ARKANSAS,LINCOLN,,20240101,0138000,2023
45500,00000,"TEXARKANA, TX-AR",203B,S,0169000,0498257,0637950,0771125,0958350,AR,081,ARKANSAS,LITTLE RIVER,,20240101,0176000,2022
99999,00000,NON-METRO,203B,S,0077000,0498257,0637950,0771125,0958350,AR,083,ARKANSAS,LOGAN,,20240101,0146000,2022
30780,00000,"LITTLE ROCK-NORTH LITTLE ROCK-CONWAY, AR",203B,S,0214000,0498257,0637950,0771125,0958350,AR,085,ARKANSAS,LONOKE,,20240101,0214000,2023
22220,00000,"FAYETTEVILLE-SPRINGDALE-ROGERS, AR",203B,S,0336000,0498257,0637950,0771125,0958350,AR,087,ARKANSAS,MADISON,,20240101,0336000,2023
99999,00000,NON-METRO,203B,S,0150000,0498257,0637950,0771125,0958350,AR,089,ARKANSAS,MARION,,20240101,0179000,2022
45500,00000,"TEXARKANA, TX-AR",203B,S,0169000,0498257,0637950,0771125,0958350,AR,091,ARKANSAS,MILLER,,20240101,0176000,2022
14180,00000,"BLYTHEVILLE, AR",203B,S,0075000,0498257,0637950,0771125,0958350,AR,093,ARKANSAS,MISSISSIPPI,,20240101,0108000,2019
99999,00000,NON-METRO,203B,S,0048000,0498257,0637950,0771125,0958350,AR,095,ARKANSAS,MONROE,,20240101,0112000,2022
99999,00000,NON-METRO,203B,S,0163000,0498257,0637950,0771125,0958350,AR,097,ARKANSAS,MONTGOMERY,,20240101,0163000,2023
26260,00000,"HOPE, AR",203B,S,0100000,0498257,0637950,0771125,0958350,AR,099,ARKANSAS,NEVADA,,20240101,0100000,2023
25460,00000,"HARRISON, AR",203B,S,0162000,0498257,0637950,0771125,0958350,AR,101,ARKANSAS,NEWTON,,20240101,0172000,2022
15780,00000,"CAMDEN, AR",203B,S,0060000,0498257,0637950,0771125,0958350,AR,103,ARKANSAS,OUACHITA,,20240101,0173000,2009
30780,00000,"LITTLE ROCK-NORTH LITTLE ROCK-CONWAY, AR",203B,S,0214000,0498257,0637950,0771125,0958350,AR,105,ARKANSAS,PERRY,,20240101,0214000,2023
25760,00000,"HELENA-WEST HELENA, AR",203B,S,0045000,0498257,0637950,0771125,0958350,AR,107,ARKANSAS,PHILLIPS,,20240101,0065000,2013
99999,00000,NON-METRO,203B,S,0090000,0498257,0637950,0771125,0958350,AR,109,ARKANSAS,PIKE,,20240101,0149000,2020
27860,00000,"JONESBORO, AR",203B,S,0190000,0498257,0637950,0771125,0958350,AR,111,ARKANSAS,POINSETT,,20240101,0190000,2023
99999,00000,NON-METRO,203B,S,0106000,0498257,0637950,0771125,0958350,AR,113,ARKANSAS,POLK,,20240101,0107000,2022
40780,00000,"RUSSELLVILLE, AR",203B,S,0157000,0498257,0637950,0771125,0958350,AR,115,ARKANSAS,POPE,,20240101,0157000,2023
99999,00000,NON-METRO,203B,S,0075000,0498257,0637950,0771125,0958350,AR,117,ARKANSAS,PRAIRIE,,20240101,0100000,2022
30780,00000,"LITTLE ROCK-NORTH LITTLE ROCK-CONWAY, AR",203B,S,0214000,0498257,0637950,0771125,0958350,AR,119,ARKANSAS,PULASKI,,20240101,0214000,2023
99999,00000,NON-METRO,203B,S,0090000,0498257,0637950,0771125,0958350,AR,121,ARKANSAS,RANDOLPH,,20240101,0110000,2022
22620,00000,"FORREST CITY, AR",203B,S,0053000,0498257,0637950,0771125,0958350,AR,123,ARKANSAS,ST. FRANCIS,,20240101,0068000,2022
30780,00000,"LITTLE ROCK-NORTH LITTLE ROCK-CONWAY, AR",203B,S,0214000,0498257,0637950,0771125,0958350,AR,125,ARKANSAS,SALINE,,20240101,0214000,2023
99999,00000,NON-METRO,203B,S,0080000,0498257,0637950,0771125,0958350,AR,127,ARKANSAS,SCOTT,,20240101,0089000,2022
99999,00000,NON-METRO,203B,S,0092000,0498257,0637950,0771125,0958350,AR,129,ARKANSAS,SEARCY,,20240101,0092000,2023
22900,00000,"FORT SMITH, AR-OK",203B,S,0155000,0498257,0637950,0771125,0958350,AR,131,ARKANSAS,SEBASTIAN,,20240101,0175000,2020
99999,00000,NON-METRO,203B,S,0082000,0498257,0637950,0771125,0958350,AR,133,ARKANSAS,SEVIER,,20240101,0091000,2020
12900,00000,"BATESVILLE, AR",203B,S,0115000,0498257,0637950,0771125,0958350,AR,135,ARKANSAS,SHARP,,20240101,0115000,2022
99999,00000,NON-METRO,203B,S,0170000,0498257,0637950,0771125,0958350,AR,137,ARKANSAS,STONE,,20240101,0184000,2022
20980,00000,"EL DORADO, AR",203B,S,0110000,0498257,0637950,0771125,0958350,AR,139,ARKANSAS,UNION,,20240101,0115000,2009
99999,00000,NON-METRO,203B,S,0101000,0498257,0637950,0771125,0958350,AR,141,ARKANSAS,VAN BUREN,,20240101,0101000,2023
22220,00000,"FAYETTEVILLE-SPRINGDALE-ROGERS, AR",203B,S,0336000,0498257,0637950,0771125,0958350,AR,143,ARKANSAS,WASHINGTON,,20240101,0336000,2023
42620,00000,"SEARCY, AR",203B,S,0150000,0498257,0637950,0771125,0958350,AR,145,ARKANSAS,WHITE,,20240101,0150000,2023
99999,00000,NON-METRO,203B,S,0041000,0498257,0637950,0771125,0958350,AR,147,ARKANSAS,WOODRUFF,,20240101,0101000,2022
40780,00000,"RUSSELLVILLE, AR",203B,S,0157000,0498257,0637950,0771125,0958350,AR,149,ARKANSAS,YELL,,20240101,0157000,2023
99999,00000,NON-METRO,203B,S,0096000,0498257,0637950,0771125,0958350,AS,010,AMERICAN SAMOA,EASTERN DISTRIC,,20240101,0122000,2008
99999,00000,NON-METRO,203B,S,0124000,0498257,0637950,0771125,0958350,AS,020,AMERICAN SAMOA,MANU'A DISTRICT,,20240101,0230000,2008
99999,00000,NON-METRO,203B,S,0122000,0498257,0637950,0771125,0958350,AS,030,AMERICAN SAMOA,ROSE ISLAND,,20240101,0128000,2008
99999,00000,NON-METRO,203B,S,0122000,0498257,0637950,0771125,0958350,AS,040,AMERICAN SAMOA,SWAINS ISLAND,,20240101,0122000,2023
99999,00000,NON-METRO,203B,S,0145000,0498257,0637950,0771125,0958350,AS,050,AMERICAN SAMOA,WESTERN DISTRIC,,20240101,0145000,2023
99999,00000,NON-METRO,203B,S,0130000,0498257,0637950,0771125,0958350,AZ,001,ARIZONA,APACHE,,20240101,0150000,2008
43420,00000,"SIERRA VISTA-DOUGLAS, AZ",203B,S,0215000,0498257,0637950,0771125,0958350,AZ,003,ARIZONA,COCHISE,,20240101,0215000,2023
22380,00000,"FLAGSTAFF, AZ",203B,H,0457000,0525550,0672800,0813250,1010700,AZ,005,ARIZONA,COCONINO,,20240101,0457000,2023
37740,00000,"PAYSON, AZ",203B,S,0310000,0498257,0637950,0771125,0958350,AZ,007,ARIZONA,GILA,,20240101,0310000,2023
40940,00000,"SAFFORD, AZ",203B,S,0223000,0498257,0637950,0771125,0958350,AZ,009,ARIZONA,GRAHAM,,20240101,0223000,2023
99999,00000,NON-METRO,203B,S,0134000,0498257,0637950,0771125,0958350,AZ,011,ARIZONA,GREENLEE,,20240101,0134000,2023
99999,00000,NON-METRO,203B,S,0125000,0498257,0637950,0771125,0958350,AZ,012,ARIZONA,LA PAZ,,20240101,0125000,2023
38060,00000,"PHOENIX-MESA-CHANDLER, AZ",203B,H,0460000,0530150,0678700,0820350,1019550,AZ,013,ARIZONA,MARICOPA,,20230101,0461000,2022
29420,00000,"LAKE HAVASU CITY-KINGMAN, AZ",203B,S,0238000,0498257,0637950,0771125,0958350,AZ,015,ARIZONA,MOHAVE,,20240101,0249000,2022
43320,00000,"SHOW LOW, AZ",203B,S,0260000,0498257,0637950,0771125,0958350,AZ,017,ARIZONA,NAVAJO,,20240101,0260000,2023
46060,00000,"TUCSON, AZ",203B,S,0350000,0498257,0637950,0771125,0958350,AZ,019,ARIZONA,PIMA,,20240101,0350000,2023
38060,00000,"PHOENIX-MESA-CHANDLER, AZ",203B,H,0460000,0530150,0678700,0820350,1019550,AZ,021,ARIZONA,PINAL,,20230101,0461000,2022
35700,00000,"NOGALES, AZ",203B,S,0265000,0498257,0637950,0771125,0958350,AZ,023,ARIZONA,SANTA CRUZ,,20240101,0265000,2023
39150,00000,"PRESCOTT VALLEY-PRESCOTT, AZ",203B,S,0418000,0498257,0637950,0771125,0958350,AZ,025,ARIZONA,YAVAPAI,,20240101,0418000,2023
49740,00000,"YUMA, AZ",203B,S,0232000,0498257,0637950,0771125,0958350,AZ,027,ARIZONA,YUMA,,20240101,0232000,2023
41860,36084,"SAN FRANCISCO-OAKLAND-BERKELEY, CA",203B,H,1595000,1149825,1472250,1779525,2211600,CA,001,CALIFORNIA,ALAMEDA,,20240101,1735000,2022
99999,00000,NON-METRO,203B,H,0438000,0503700,0644800,0779450,0968650,CA,003,CALIFORNIA,ALPINE,,20240101,0438000,2023
99999,00000,NON-METRO,203B,S,0388000,0498257,0637950,0771125,0958350,CA,005,CALIFORNIA,AMADOR,,20240101,0395000,2022
17020,00000,"CHICO, CA",203B,S,0284000,0498257,0637950,0771125,0958350,CA,007,CALIFORNIA,BUTTE,,20240101,0310000,2022
99999,00000,NON-METRO,203B,S,0375000,0498257,0637950,0771125,0958350,CA,009,CALIFORNIA,CALAVERAS,,20240101,0399000,2022
99999,00000,NON-METRO,203B,S,0367000,0498257,0637950,0771125,0958350,CA,011,CALIFORNIA,COLUSA,,20240101,0367000,2023
41860,36084,"SAN FRANCISCO-OAKLAND-BERKELEY, CA",203B,H,1595000,1149825,1472250,1779525,2211600,CA,013,CALIFORNIA,CONTRA COSTA,,20240101,1735000,2022
18860,00000,"CRESCENT CITY, CA",203B,S,0280000,0498257,0637950,0771125,0958350,CA,015,CALIFORNIA,DEL NORTE,,20240101,0280000,2023
40900,00000,"SACRAMENTO-ROSEVILLE-FOLSOM, CA",203B,H,0635000,0763600,0977550,1181650,1468500,CA,017,CALIFORNIA,EL DORADO,,20230101,0664000,2022
23420,00000,"FRESNO, CA",203B,S,0395000,0498257,0637950,0771125,0958350,CA,019,CALIFORNIA,FRESNO,,20240101,0395000,2023
99999,00000,NON-METRO,203B,S,0309000,0498257,0637950,0771125,0958350,CA,021,CALIFORNIA,GLENN,,20240101,0309000,2022
21700,00000,"EUREKA-ARCATA, CA",203B,S,0395000,0498257,0637950,0771125,0958350,CA,023,CALIFORNIA,HUMBOLDT,,20240101,0400000,2022
20940,00000,"EL CENTRO, CA",203B,S,0310000,0498257,0637950,0771125,0958350,CA,025,CALIFORNIA,IMPERIAL,,20240101,0310000,2023
99999,00000,NON-METRO,203B,H,0400000,0508300,0650700,0786550,0977500,CA,027,CALIFORNIA,INYO,,20230101,0442000,2022
12540,00000,"BAKERSFIELD, CA",203B,S,0335000,0498257,0637950,0771125,0958350,CA,029,CALIFORNIA,KERN,,20240101,0335000,2023
25260,00000,"HANFORD-CORCORAN, CA",203B,S,0337000,0498257,0637950,0771125,0958350,CA,031,CALIFORNIA,KINGS,,20240101,0337000,2023
17340,00000,"CLEARLAKE, CA",203B,S,0250000,0498257,0637950,0771125,0958350,CA,033,CALIFORNIA,LAKE,,20240101,0259000,2022
45000,00000,"SUSANVILLE, CA",203B,S,0190000,0498257,0637950,0771125,0958350,CA,035,CALIFORNIA,LASSEN,,20240101,0190000,2008
31080,31084,"LOS ANGELES-LONG BEACH-ANAHEIM, CA",203B,H,1150000,1149825,1472250,1779525,2211600,CA,037,CALIFORNIA,LOS ANGELES,,20240101,1150000,2023
31460,00000,"MADERA, CA",203B,S,0400000,0498257,0637950,0771125,0958350,CA,039,CALIFORNIA,MADERA,,20240101,0400000,2022
41860,42034,"SAN FRANCISCO-OAKLAND-BERKELEY, CA",203B,H,1595000,1149825,1472250,1779525,2211600,CA,041,CALIFORNIA,MARIN,,20240101,1735000,2022
99999,00000,NON-METRO,203B,S,0303000,0498257,0637950,0771125,0958350,CA,043,CALIFORNIA,MARIPOSA,,20240101,0320000,2022
46380,00000,"UKIAH, CA",203B,H,0428000,0546250,0699300,0845300,1050500,CA,045,CALIFORNIA,MENDOCINO,,20230101,0475000,2022
32900,00000,"MERCED, CA",203B,S,0390000,0498257,0637950,0771125,0958350,CA,047,CALIFORNIA,MERCED,,20240101,0405000,2022
99999,00000,NON-METRO,203B,S,0152000,0498257,0637950,0771125,0958350,CA,049,CALIFORNIA,MODOC,,20240101,0152000,2023
99999,00000,NON-METRO,203B,H,0581000,0693450,0887750,1073100,1333600,CA,051,CALIFORNIA,MONO,,20230101,0603000,2022
41500,00000,"SALINAS, CA",203B,H,0800000,0920000,1177750,1423650,1769250,CA,053,CALIFORNIA,MONTEREY,,20240101,0800000,2023
34900,00000,"NAPA, CA",203B,H,0855000,1017750,1302900,1574900,1957250,CA,055,CALIFORNIA,NAPA,,20230101,0885000,2022
46020,00000,"TRUCKEE-GRASS VALLEY, CA",203B,H,0550000,0644000,0824450,0996550,1238500,CA,057,CALIFORNIA,NEVADA,,20230101,0560000,2022
31080,11244,"LOS ANGELES-LONG BEACH-ANAHEIM, CA",203B,H,1150000,1149825,1472250,1779525,2211600,CA,059,CALIFORNIA,ORANGE,,20240101,1150000,2023
40900,00000,"SACRAMENTO-ROSEVILLE-FOLSOM, CA",203B,H,0635000,0763600,0977550,1181650,1468500,CA,061,CALIFORNIA,PLACER,,20230101,0664000,2022
99999,00000,NON-METRO,203B,S,0300000,0498257,0637950,0771125,0958350,CA,063,CALIFORNIA,PLUMAS,,20240101,0300000,2022
40140,00000,"RIVERSIDE-SAN BERNARDINO-ONTARIO, CA",203B,H,0557000,0644000,0824450,0996550,1238500,CA,065,CALIFORNIA,RIVERSIDE,,20230101,0560000,2022
40900,00000,"SACRAMENTO-ROSEVILLE-FOLSOM, CA",203B,H,0635000,0763600,0977550,1181650,1468500,CA,067,CALIFORNIA,SACRAMENTO,,20230101,0664000,2022
41940,00000,"SAN JOSE-SUNNYVALE-SANTA CLARA, CA",203B,H,1600000,1149825,1472250,1779525,2211600,CA,069,CALIFORNIA,SAN BENITO,,20240101,1623000,2022
40140,00000,"RIVERSIDE-SAN BERNARDINO-ONTARIO, CA",203B,H,0557000,0644000,0824450,0996550,1238500,CA,071,CALIFORNIA,SAN BERNARDINO,,20230101,0560000,2022
41740,00000,"SAN DIEGO-CHULA VISTA-CARLSBAD, CA",203B,H,0875000,1006250,1288200,1557150,1935150,CA,073,CALIFORNIA,SAN DIEGO,,20240101,0875000,2023
41860,41884,"SAN FRANCISCO-OAKLAND-BERKELEY, CA",203B,H,1595000,1149825,1472250,1779525,2211600,CA,075,CALIFORNIA,SAN FRANCISCO,,20240101,1735000,2022
44700,00000,"STOCKTON, CA",203B,H,0565000,0656650,0840650,1016150,1262800,CA,077,CALIFORNIA,SAN JOAQUIN,,20230101,0571000,2022
42020,00000,"SAN LUIS OBISPO-PASO ROBLES, CA",203B,H,0808000,0929200,1189550,1437900,1786950,CA,079,CALIFORNIA,SAN LUIS OBISPO,,20240101,0808000,2023
41860,41884,"SAN FRANCISCO-OAKLAND-BERKELEY, CA",203B,H,1595000,1149825,1472250,1779525,2211600,CA,081,CALIFORNIA,SAN MATEO,,20240101,1735000,2022
42200,00000,"SANTA MARIA-SANTA BARBARA, CA",203B,H,0729000,0838350,1073250,1297300,1612250,CA,083,CALIFORNIA,SANTA BARBARA,,20240101,0729000,2023
41940,00000,"SAN JOSE-SUNNYVALE-SANTA CLARA, CA",203B,H,1600000,1149825,1472250,1779525,2211600,CA,085,CALIFORNIA,SANTA CLARA,,20240101,1623000,2022
42100,00000,"SANTA CRUZ-WATSONVILLE, CA",203B,H,1070000,1149825,1472250,1779525,2211600,CA,087,CALIFORNIA,SANTA CRUZ,,20240101,1070000,2023
39820,00000,"REDDING, CA",203B,S,0340000,0498257,0637950,0771125,0958350,CA,089,CALIFORNIA,SHASTA,,20240101,0345000,2022
99999,00000,NON-METRO,203B,S,0275000,0498257,0637950,0771125,0958350,CA,091,CALIFORNIA,SIERRA,,20240101,0275000,2023
99999,00000,NON-METRO,203B,S,0215000,0498257,0637950,0771125,0958350,CA,093,CALIFORNIA,SISKIYOU,,20240101,0235000,2022
46700,00000,"VALLEJO, CA",203B,H,0590000,0685400,0877450,1060600,1318100,CA,095,CALIFORNIA,SOLANO,,20230101,0596000,2022
42220,00000,"SANTA ROSA-PETALUMA, CA",203B,H,0763000,0877450,1123300,1357800,1687450,CA,097,CALIFORNIA,SONOMA,,20240101,0763000,2023
33700,00000,"MODESTO, CA",203B,H,0449000,0517500,0662500,0800800,0995200,CA,099,CALIFORNIA,STANISLAUS,,20230101,0450000,2022
49700,00000,"YUBA CITY, CA",203B,S,0425000,0498257,0637950,0771125,0958350,CA,101,CALIFORNIA,SUTTER,,20240101,0425000,2022
39780,00000,"RED BLUFF, CA",203B,S,0275000,0498257,0637950,0771125,0958350,CA,103,CALIFORNIA,TEHAMA,,20240101,0285000,2022
99999,00000,NON-METRO,203B,S,0185000,0498257,0637950,0771125,0958350,CA,105,CALIFORNIA,TRINITY,,20240101,0240000,2021
47300,00000,"VISALIA, CA",203B,S,0340000,0498257,0637950,0771125,0958350,CA,107,CALIFORNIA,TULARE,,20240101,0340000,2023
43760,00000,"SONORA, CA",203B,S,0357000,0498257,0637950,0771125,0958350,CA,109,CALIFORNIA,TUOLUMNE,,20240101,0369000,2022
37100,00000,"OXNARD-THOUSAND OAKS-VENTURA, CA",203B,H,0830000,0954500,1221950,1477050,1835600,CA,111,CALIFORNIA,VENTURA,,20240101,0830000,2023
40900,00000,"SACRAMENTO-ROSEVILLE-FOLSOM, CA",203B,H,0635000,0763600,0977550,1181650,1468500,CA,113,CALIFORNIA,YOLO,,20230101,0664000,2022
49700,00000,"YUBA CITY, CA",203B,S,0425000,0498257,0637950,0771125,0958350,CA,115,CALIFORNIA,YUBA,,20240101,0425000,2022
19740,00000,"DENVER-AURORA-LAKEWOOD, CO",203B,H,0710000,0816500,1045250,1263500,1570200,CO,001,COLORADO,ADAMS,,20240101,0710000,2023
99999,00000,NON-METRO,203B,S,0209000,0498257,0637950,0771125,0958350,CO,003,COLORADO,ALAMOSA,,20240101,0220000,2022
19740,00000,"DENVER-AURORA-LAKEWOOD, CO",203B,H,0710000,0816500,1045250,1263500,1570200,CO,005,COLORADO,ARAPAHOE,,20240101,0710000,2023
99999,00000,NON-METRO,203B,S,0375000,0498257,0637950,0771125,0958350,CO,007,COLORADO,ARCHULETA,,20240101,0375000,2023
99999,00000,NON-METRO,203B,S,0080000,0498257,0637950,0771125,0958350,CO,009,COLORADO,BACA,,20240101,0080000,2023
99999,00000,NON-METRO,203B,S,0128000,0498257,0637950,0771125,0958350,CO,011,COLORADO,BENT,,20240101,0128000,2021
14500,00000,"BOULDER, CO",203B,H,0737000,0856750,1096800,1325800,1647650,CO,013,COLORADO,BOULDER,,20230101,0745000,2022
19740,00000,"DENVER-AURORA-LAKEWOOD, CO",203B,H,0710000,0816500,1045250,1263500,1570200,CO,014,COLORADO,BROOMFIELD,,20240101,0710000,2023
99999,00000,NON-METRO,203B,H,0550000,0632500,0809700,0978750,1216350,CO,015,COLORADO,CHAFFEE,,20240101,0550000,2023
99999,00000,NON-METRO,203B,S,0100000,0498257,0637950,0771125,0958350,CO,017,COLORADO,CHEYENNE,,20240101,0116000,2009
19740,00000,"DENVER-AURORA-LAKEWOOD, CO",203B,H,0710000,0816500,1045250,1263500,1570200,CO,019,COLORADO,CLEAR CREEK,,20240101,0710000,2023
99999,00000,NON-METRO,203B,S,0120000,0498257,0637950,0771125,0958350,CO,021,COLORADO,CONEJOS,,20240101,0134000,2019
99999,00000,NON-METRO,203B,S,0070000,0498257,0637950,0771125,0958350,CO,023,COLORADO,COSTILLA,,20240101,0111000,2017
99999,00000,NON-METRO,203B,S,0167000,0498257,0637950,0771125,0958350,CO,025,COLORADO,CROWLEY,,20240101,0167000,2023
99999,00000,NON-METRO,203B,S,0258000,0498257,0637950,0771125,0958350,CO,027,COLORADO,CUSTER,,20240101,0258000,2023
99999,00000,NON-METRO,203B,S,0304000,0498257,0637950,0771125,0958350,CO,029,COLORADO,DELTA,,20240101,0304000,2023
19740,00000,"DENVER-AURORA-LAKEWOOD, CO",203B,H,0710000,0816500,1045250,1263500,1570200,CO,031,COLORADO,DENVER,,20240101,0710000,2023
99999,00000,NON-METRO,203B,S,0155000,0498257,0637950,0771125,0958350,CO,033,COLORADO,DOLORES,,20240101,0200000,2022
19740,00000,"DENVER-AURORA-LAKEWOOD, CO",203B,H,0710000,0816500,1045250,1263500,1570200,CO,035,COLORADO,DOUGLAS,,20240101,0710000,2023
20780,00000,"EDWARDS, CO",203B,H,1173000,1149825,1472250,1779525,2211600,CO,037,COLORADO,EAGLE,,20240101,1173000,2023
19740,00000,"DENVER-AURORA-LAKEWOOD, CO",203B,H,0710000,0816500,1045250,1263500,1570200,CO,039,COLORADO,ELBERT,,20240101,0710000,2023
17820,00000,"COLORADO SPRINGS, CO",203B,H,0450000,0517500,0662500,0800800,0995200,CO,041,COLORADO,EL PASO,,20230101,0450000,2022
15860,00000,"CANON CITY, CO",203B,S,0285000,0498257,0637950,0771125,0958350,CO,043,COLORADO,FREMONT,,20240101,0286000,2022
24060,00000,"GLENWOOD SPRINGS, CO",203B,H,1050000,1149825,1472250,1779525,2211600,CO,045,COLORADO,GARFIELD,,20240101,1900000,2009
19740,00000,"DENVER-AURORA-LAKEWOOD, CO",203B,H,0710000,0816500,1045250,1263500,1570200,CO,047,COLORADO,GILPIN,,20240101,0710000,2023
99999,00000,NON-METRO,203B,H,0650000,0747500,0956950,1156700,1437500,CO,049,COLORADO,GRAND,,20240101,0650000,2023
99999,00000,NON-METRO,203B,H,0551000,0633650,0811200,0980550,1218550,CO,051,COLORADO,GUNNISON,,20240101,0551000,2023
99999,00000,NON-METRO,203B,S,0345000,0498257,0637950,0771125,0958350,CO,053,COLORADO,HINSDALE,,20240101,0372000,2009
99999,00000,NON-METRO,203B,S,0153000,0498257,0637950,0771125,0958350,CO,055,COLORADO,HUERFANO,,20240101,0165000,2022
99999,00000,NON-METRO,203B,S,0175000,0498257,0637950,0771125,0958350,CO,057,COLORADO,JACKSON,,20240101,0203000,2022
19740,00000,"DENVER-AURORA-LAKEWOOD, CO",203B,H,0710000,0816500,1045250,1263500,1570200,CO,059,COLORADO,JEFFERSON,,20240101,0710000,2023
99999,00000,NON-METRO,203B,S,0111000,0498257,0637950,0771125,0958350,CO,061,COLORADO,KIOWA,,20240101,0111000,2023
99999,00000,NON-METRO,203B,S,0171000,0498257,0637950,0771125,0958350,CO,063,COLORADO,KIT CARSON,,20240101,0193000,2022
99999,00000,NON-METRO,203B,S,0359000,0498257,0637950,0771125,0958350,CO,065,COLORADO,LAKE,,20240101,0359000,2023
20420,00000,"DURANGO, CO",203B,H,0570000,0655500,0839150,1014350,1260600,CO,067,COLORADO,LA PLATA,,20240101,0570000,2023
22660,00000,"FORT COLLINS, CO",203B,H,0550000,0632500,0809700,0978750,1216350,CO,069,COLORADO,LARIMER,,20240101,0550000,2023
99999,00000,NON-METRO,203B,S,0161000,0498257,0637950,0771125,0958350,CO,071,COLORADO,LAS ANIMAS,,20240101,0179000,2022
99999,00000,NON-METRO,203B,S,0173000,0498257,0637950,0771125,0958350,CO,073,COLORADO,LINCOLN,,20240101,0173000,2023
44540,00000,"STERLING, CO",203B,S,0215000,0498257,0637950,0771125,0958350,CO,075,COLORADO,LOGAN,,20240101,0215000,2023
24300,00000,"GRAND JUNCTION, CO",203B,S,0375000,0498257,0637950,0771125,0958350,CO,077,COLORADO,MESA,,20240101,0375000,2023
99999,00000,NON-METRO,203B,S,0252000,0498257,0637950,0771125,0958350,CO,079,COLORADO,MINERAL,,20240101,0300000,2020
18780,00000,"CRAIG, CO",203B,S,0257000,0498257,0637950,0771125,0958350,CO,081,COLORADO,MOFFAT,,20240101,0257000,2023
99999,00000,NON-METRO,203B,S,0286000,0498257,0637950,0771125,0958350,CO,083,COLORADO,MONTEZUMA,,20240101,0286000,2023
33940,00000,"MONTROSE, CO",203B,H,0488000,0561200,0718450,0868400,1079250,CO,085,COLORADO,MONTROSE,,20240101,0488000,2023
22820,00000,"FORT MORGAN, CO",203B,S,0316000,0498257,0637950,0771125,0958350,CO,087,COLORADO,MORGAN,,20240101,0316000,2023
99999,00000,NON-METRO,203B,S,0137000,0498257,0637950,0771125,0958350,CO,089,COLORADO,OTERO,,20240101,0145000,2022
33940,00000,"MONTROSE, CO",203B,H,0488000,0561200,0718450,0868400,1079250,CO,091,COLORADO,OURAY,,20240101,0488000,2023
19740,00000,"DENVER-AURORA-LAKEWOOD, CO",203B,H,0710000,0816500,1045250,1263500,1570200,CO,093,COLORADO,PARK,,20240101,0710000,2023
99999,00000,NON-METRO,203B,S,0179000,0498257,0637950,0771125,0958350,CO,095,COLORADO,PHILLIPS,,20240101,0180000,2022
24060,00000,"GLENWOOD SPRINGS, CO",203B,H,1050000,1149825,1472250,1779525,2211600,CO,097,COLORADO,PITKIN,,20240101,1900000,2009
99999,00000,NON-METRO,203B,S,0180000,0498257,0637950,0771125,0958350,CO,099,COLORADO,PROWERS,,20240101,0180000,2023
39380,00000,"PUEBLO, CO",203B,S,0280000,0498257,0637950,0771125,0958350,CO,101,COLORADO,PUEBLO,,20240101,0280000,2023
99999,00000,NON-METRO,203B,S,0205000,0498257,0637950,0771125,0958350,CO,103,COLORADO,RIO BLANCO,,20240101,0219000,2021
99999,00000,NON-METRO,203B,S,0155000,0498257,0637950,0771125,0958350,CO,105,COLORADO,RIO GRANDE,,20240101,0170000,2022
44460,00000,"STEAMBOAT SPRINGS, CO",203B,H,0880000,1012000,1295550,1566050,1946200,CO,107,COLORADO,ROUTT,,20240101,0880000,2023
99999,00000,NON-METRO,203B,S,0127000,0498257,0637950,0771125,0958350,CO,109,COLORADO,SAGUACHE,,20240101,0175000,2021
99999,00000,NON-METRO,203B,H,0450000,0517500,0662500,0800800,0995200,CO,111,COLORADO,SAN JUAN,,20240101,0450000,2023
99999,00000,NON-METRO,203B,H,0865000,1045350,1338250,1617650,2010350,CO,113,COLORADO,SAN MIGUEL,,20230101,0909000,2012
99999,00000,NON-METRO,203B,S,0135000,0498257,0637950,0771125,0958350,CO,115,COLORADO,SEDGWICK,,20240101,0135000,2023
14720,00000,"BRECKENRIDGE, CO",203B,H,0875000,1006250,1288200,1557150,1935150,CO,117,COLORADO,SUMMIT,,20240101,0875000,2023
17820,00000,"COLORADO SPRINGS, CO",203B,H,0450000,0517500,0662500,0800800,0995200,CO,119,COLORADO,TELLER,,20230101,0450000,2022
99999,00000,NON-METRO,203B,S,0150000,0498257,0637950,0771125,0958350,CO,121,COLORADO,WASHINGTON,,20240101,0175000,2021
24540,00000,"GREELEY, CO",203B,H,0487000,0560050,0716950,0866650,1077050,CO,123,COLORADO,WELD,,20240101,0487000,2023
99999,00000,NON-METRO,203B,S,0185000,0498257,0637950,0771125,0958350,CO,125,COLORADO,YUMA,,20240101,0185000,2023
14860,00000,"BRIDGEPORT-STAMFORD-NORWALK, CT",203B,H,0625000,0718750,0920150,1112250,1382250,CT,001,CONNECTICUT,FAIRFIELD,,20240101,0625000,2023
25540,00000,"HARTFORD-EAST HARTFORD-MIDDLETOWN, CT",203B,S,0360000,0498257,0637950,0771125,0958350,CT,003,CONNECTICUT,HARTFORD,,20240101,0360000,2023
45860,00000,"TORRINGTON, CT",203B,S,0331000,0498257,0637950,0771125,0958350,CT,005,CONNECTICUT,LITCHFIELD,,20240101,0331000,2023
25540,00000,"HARTFORD-EAST HARTFORD-MIDDLETOWN, CT",203B,S,0360000,0498257,0637950,0771125,0958350,CT,007,CONNECTICUT,MIDDLESEX,,20240101,0360000,2023
35300,00000,"NEW HAVEN-MILFORD, CT",203B,S,0325000,0498257,0637950,0771125,0958350,CT,009,CONNECTICUT,NEW HAVEN,,20240101,0325000,2023
35980,00000,"NORWICH-NEW LONDON, CT",203B,S,0325000,0498257,0637950,0771125,0958350,CT,011,CONNECTICUT,NEW LONDON,,20240101,0325000,2023
25540,00000,"HARTFORD-EAST HARTFORD-MIDDLETOWN, CT",203B,S,0360000,0498257,0637950,0771125,0958350,CT,013,CONNECTICUT,TOLLAND,,20240101,0360000,2023
49340,00000,"WORCESTER, MA-CT",203B,S,0420000,0498257,0637950,0771125,0958350,CT,015,CONNECTICUT,WINDHAM,,20240101,0420000,2023
47900,47894,"WASHINGTON-ARLINGTON-ALEXANDRIA, DC-VA-MD-WV",203B,H,1072000,1149825,1472250,1779525,2211600,DC,001,DISTRICT OF COLUMBIA,DISTRICT OF COL,,20240101,1072000,2023
20100,00000,"DOVER, DE",203B,S,0300000,0498257,0637950,0771125,0958350,DE,001,DELAWARE,KENT,,20240101,0300000,2023
37980,48864,"PHILADELPHIA-CAMDEN-WILMINGTON, PA-NJ-DE-MD",203B,H,0485000,0557750,0714000,0863100,1072600,DE,003,DELAWARE,NEW CASTLE,,20240101,0485000,2023
41540,00000,"SALISBURY, MD-DE",203B,S,0400000,0498257,0637950,0771125,0958350,DE,005,DELAWARE,SUSSEX,,20240101,0400000,2023
23540,00000,"GAINESVILLE, FL",203B,S,0305000,0498257,0637950,0771125,0958350,FL,001,FLORIDA,ALACHUA,,20240101,0305000,2023
27260,00000,"JACKSONVILLE, FL",203B,H,0491000,0564650,0722850,0873750,1085900,FL,003,FLORIDA,BAKER,,20240101,0491000,2023
37460,00000,"PANAMA CITY, FL",203B,S,0320000,0498257,0637950,0771125,0958350,FL,005,FLORIDA,BAY,,20240101,0320000,2023
99999,00000,NON-METRO,203B,S,0170000,0498257,0637950,0771125,0958350,FL,007,FLORIDA,BRADFORD,,20240101,0170000,2023
37340,00000,"PALM BAY-MELBOURNE-TITUSVILLE, FL",203B,S,0342000,0498257,0637950,0771125,0958350,FL,009,FLORIDA,BREVARD,,20240101,0342000,2023
33100,22744,"MIAMI-FORT LAUDERDALE-POMPANO BEACH, FL",203B,H,0540000,0621000,0795000,0960950,1194250,FL,011,FLORIDA,BROWARD,,20240101,0540000,2023
99999,00000,NON-METRO,203B,S,0075000,0498257,0637950,0771125,0958350,FL,013,FLORIDA,CALHOUN,,20240101,0094000,2022
39460,00000,"PUNTA GORDA, FL",203B,S,0329000,0498257,0637950,0771125,0958350,FL,015,FLORIDA,CHARLOTTE,,20240101,0329000,2023
26140,00000,"HOMOSASSA SPRINGS, FL",203B,S,0235000,0498257,0637950,0771125,0958350,FL,017,FLORIDA,CITRUS,,20240101,0235000,2023
27260,00000,"JACKSONVILLE, FL",203B,H,0491000,0564650,0722850,0873750,1085900,FL,019,FLORIDA,CLAY,,20240101,0491000,2023
34940,00000,"NAPLES-MARCO ISLAND, FL",203B,H,0635000,0730250,0934850,1130000,1404350,FL,021,FLORIDA,COLLIER,,20240101,0635000,2023
29380,00000,"LAKE CITY, FL",203B,S,0174000,0498257,0637950,0771125,0958350,FL,023,FLORIDA,COLUMBIA,,20240101,0174000,2023
11580,00000,"ARCADIA, FL",203B,S,0180000,0498257,0637950,0771125,0958350,FL,027,FLORIDA,DESOTO,,20240101,0191000,2022
99999,00000,NON-METRO,203B,S,0092000,0498257,0637950,0771125,0958350,FL,029,FLORIDA,DIXIE,,20240101,0093000,2008
27260,00000,"JACKSONVILLE, FL",203B,H,0491000,0564650,0722850,0873750,1085900,FL,031,FLORIDA,DUVAL,,20240101,0491000,2023
37860,00000,"PENSACOLA-FERRY PASS-BRENT, FL",203B,S,0325000,0498257,0637950,0771125,0958350,FL,033,FLORIDA,ESCAMBIA,,20240101,0325000,2023
19660,00000,"DELTONA-DAYTONA BEACH-ORMOND BEACH, FL",203B,S,0350000,0498257,0637950,0771125,0958350,FL,035,FLORIDA,FLAGLER,,20240101,0350000,2023
99999,00000,NON-METRO,203B,S,0166000,0498257,0637950,0771125,0958350,FL,037,FLORIDA,FRANKLIN,,20240101,0213000,2009
45220,00000,"TALLAHASSEE, FL",203B,S,0250000,0498257,0637950,0771125,0958350,FL,039,FLORIDA,GADSDEN,,20240101,0250000,2023
23540,00000,"GAINESVILLE, FL",203B,S,0305000,0498257,0637950,0771125,0958350,FL,041,FLORIDA,GILCHRIST,,20240101,0305000,2023
99999,00000,NON-METRO,203B,S,0175000,0498257,0637950,0771125,0958350,FL,043,FLORIDA,GLADES,,20240101,0175000,2023
99999,00000,NON-METRO,203B,S,0310000,0498257,0637950,0771125,0958350,FL,045,FLORIDA,GULF,,20240101,0310000,2023
99999,00000,NON-METRO,203B,S,0100000,0498257,0637950,0771125,0958350,FL,047,FLORIDA,HAMILTON,,20240101,0110000,2022
48100,00000,"WAUCHULA, FL",203B,S,0125000,0498257,0637950,0771125,0958350,FL,049,FLORIDA,HARDEE,,20240101,0125000,2023
17500,00000,"CLEWISTON, FL",203B,S,0215000,0498257,0637950,0771125,0958350,FL,051,FLORIDA,HENDRY,,20240101,0215000,2023
45300,00000,"TAMPA-ST. PETERSBURG-CLEARWATER, FL",203B,S,0400000,0498257,0637950,0771125,0958350,FL,053,FLORIDA,HERNANDO,,20240101,0400000,2023
42700,00000,"SEBRING-AVON PARK, FL",203B,S,0200000,0498257,0637950,0771125,0958350,FL,055,FLORIDA,HIGHLANDS,,20240101,0200000,2023
45300,00000,"TAMPA-ST. PETERSBURG-CLEARWATER, FL",203B,S,0400000,0498257,0637950,0771125,0958350,FL,057,FLORIDA,HILLSBOROUGH,,20240101,0400000,2023
99999,00000,NON-METRO,203B,S,0122000,0498257,0637950,0771125,0958350,FL,059,FLORIDA,HOLMES,,20240101,0125000,2022
42680,00000,"SEBASTIAN-VERO BEACH, FL",203B,S,0366000,0498257,0637950,0771125,0958350,FL,061,FLORIDA,INDIAN RIVER,,20240101,0366000,2023
99999,00000,NON-METRO,203B,S,0130000,0498257,0637950,0771125,0958350,FL,063,FLORIDA,JACKSON,,20240101,0130000,2023
45220,00000,"TALLAHASSEE, FL",203B,S,0250000,0498257,0637950,0771125,0958350,FL,065,FLORIDA,JEFFERSON,,20240101,0250000,2023
99999,00000,NON-METRO,203B,S,0100000,0498257,0637950,0771125,0958350,FL,067,FLORIDA,LAFAYETTE,,20240101,0100000,2022
36740,00000,"ORLANDO-KISSIMMEE-SANFORD, FL",203B,S,0426000,0498257,0637950,0771125,0958350,FL,069,FLORIDA,LAKE,,20240101,0426000,2023
15980,00000,"CAPE CORAL-FORT MYERS, FL",203B,S,0370000,0498257,0637950,0771125,0958350,FL,071,FLORIDA,LEE,,20240101,0370000,2023
45220,00000,"TALLAHASSEE, FL",203B,S,0250000,0498257,0637950,0771125,0958350,FL,073,FLORIDA,LEON,,20240101,0250000,2023
23540,00000,"GAINESVILLE, FL",203B,S,0305000,0498257,0637950,0771125,0958350,FL,075,FLORIDA,LEVY,,20240101,0305000,2023
99999,00000,NON-METRO,203B,S,0079000,0498257,0637950,0771125,0958350,FL,077,FLORIDA,LIBERTY,,20240101,0100000,2008
99999,00000,NON-METRO,203B,S,0082000,0498257,0637950,0771125,0958350,FL,079,FLORIDA,MADISON,,20240101,0095000,2009
35840,00000,"NORTH PORT-SARASOTA-BRADENTON, FL",203B,H,0476000,0547400,0700750,0847050,1052700,FL,081,FLORIDA,MANATEE,,20240101,0476000,2023
36100,00000,"OCALA, FL",203B,S,0262000,0498257,0637950,0771125,0958350,FL,083,FLORIDA,MARION,,20240101,0262000,2023
38940,00000,"PORT ST. LUCIE, FL",203B,H,0475000,0546250,0699300,0845300,1050500,FL,085,FLORIDA,MARTIN,,20240101,0475000,2023
33100,33124,"MIAMI-FORT LAUDERDALE-POMPANO BEACH, FL",203B,H,0540000,0621000,0795000,0960950,1194250,FL,086,FLORIDA,MIAMI-DADE,,20240101,0540000,2023
28580,00000,"KEY WEST, FL",203B,H,0808000,0929200,1189550,1437900,1786950,FL,087,FLORIDA,MONROE,,20240101,0808000,2023
27260,00000,"JACKSONVILLE, FL",203B,H,0491000,0564650,0722850,0873750,1085900,FL,089,FLORIDA,NASSAU,,20240101,0491000,2023
18880,00000,"CRESTVIEW-FORT WALTON BEACH-DESTIN, FL",203B,H,0518000,0603750,0772900,0934250,1161050,FL,091,FLORIDA,OKALOOSA,,20230101,0525000,2022
36380,00000,"OKEECHOBEE, FL",203B,S,0150000,0498257,0637950,0771125,0958350,FL,093,FLORIDA,OKEECHOBEE,,20240101,0150000,2023
36740,00000,"ORLANDO-KISSIMMEE-SANFORD, FL",203B,S,0426000,0498257,0637950,0771125,0958350,FL,095,FLORIDA,ORANGE,,20240101,0426000,2023
36740,00000,"ORLANDO-KISSIMMEE-SANFORD, FL",203B,S,0426000,0498257,0637950,0771125,0958350,FL,097,FLORIDA,OSCEOLA,,20240101,0426000,2023
33100,48424,"MIAMI-FORT LAUDERDALE-POMPANO BEACH, FL",203B,H,0540000,0621000,0795000,0960950,1194250,FL,099,FLORIDA,PALM BEACH,,20240101,0540000,2023
45300,00000,"TAMPA-ST. PETERSBURG-CLEARWATER, FL",203B,S,0400000,0498257,0637950,0771125,0958350,FL,101,FLORIDA,PASCO,,20240101,0400000,2023
45300,00000,"TAMPA-ST. PETERSBURG-CLEARWATER, FL",203B,S,0400000,0498257,0637950,0771125,0958350,FL,103,FLORIDA,PINELLAS,,20240101,0400000,2023
29460,00000,"LAKELAND-WINTER HAVEN, FL",203B,S,0315000,0498257,0637950,0771125,0958350,FL,105,FLORIDA,POLK,,20240101,0315000,2023
37260,00000,"PALATKA, FL",203B,S,0117000,0498257,0637950,0771125,0958350,FL,107,FLORIDA,PUTNAM,,20240101,0117000,2023
27260,00000,"JACKSONVILLE, FL",203B,H,0491000,0564650,0722850,0873750,1085900,FL,109,FLORIDA,ST. JOHNS,,20240101,0491000,2023
38940,00000,"PORT ST. LUCIE, FL",203B,H,0475000,0546250,0699300,0845300,1050500,FL,111,FLORIDA,ST. LUCIE,,20240101,0475000,2023
37860,00000,"PENSACOLA-FERRY PASS-BRENT, FL",203B,S,0325000,0498257,0637950,0771125,0958350,FL,113,FLORIDA,SANTA ROSA,,20240101,0325000,2023
35840,00000,"NORTH PORT-SARASOTA-BRADENTON, FL",203B,H,0476000,0547400,0700750,0847050,1052700,FL,115,FLORIDA,SARASOTA,,20240101,0476000,2023
36740,00000,"ORLANDO-KISSIMMEE-SANFORD, FL",203B,S,0426000,0498257,0637950,0771125,0958350,FL,117,FLORIDA,SEMINOLE,,20240101,0426000,2023
45540,00000,"THE VILLAGES, FL",203B,S,0370000,0498257,0637950,0771125,0958350,FL,119,FLORIDA,SUMTER,,20240101,0370000,2023
99999,00000,NON-METRO,203B,S,0113000,0498257,0637950,0771125,0958350,FL,121,FLORIDA,SUWANNEE,,20240101,0116000,2008
99999,00000,NON-METRO,203B,S,0120000,0498257,0637950,0771125,0958350,FL,123,FLORIDA,TAYLOR,,20240101,0120000,2023
99999,00000,NON-METRO,203B,S,0131000,0498257,0637950,0771125,0958350,FL,125,FLORIDA,UNION,,20240101,0155000,2022
19660,00000,"DELTONA-DAYTONA BEACH-ORMOND BEACH, FL",203B,S,0350000,0498257,0637950,0771125,0958350,FL,127,FLORIDA,VOLUSIA,,20240101,0350000,2023
45220,00000,"TALLAHASSEE, FL",203B,S,0250000,0498257,0637950,0771125,0958350,FL,129,FLORIDA,WAKULLA,,20240101,0250000,2023
18880,00000,"CRESTVIEW-FORT WALTON BEACH-DESTIN, FL",203B,H,0518000,0603750,0772900,0934250,1161050,FL,131,FLORIDA,WALTON,,20230101,0525000,2022
99999,00000,NON-METRO,203B,S,0119000,0498257,0637950,0771125,0958350,FL,133,FLORIDA,WASHINGTON,,20240101,0125000,2022
99999,00000,NON-METRO,203B,S,0070000,0498257,0637950,0771125,0958350,GA,001,GEORGIA,APPLING,,20240101,0123000,2009
20060,00000,"DOUGLAS, GA",203B,S,0084000,0498257,0637950,0771125,0958350,GA,003,GEORGIA,ATKINSON,,20240101,0125000,2008
99999,00000,NON-METRO,203B,S,0065000,0498257,0637950,0771125,0958350,GA,005,GEORGIA,BACON,,20240101,0081000,2008
99999,00000,NON-METRO,203B,S,0048000,0498257,0637950,0771125,0958350,GA,007,GEORGIA,BAKER,,20240101,0114000,2022
33300,00000,"MILLEDGEVILLE, GA",203B,S,0150000,0498257,0637950,0771125,0958350,GA,009,GEORGIA,BALDWIN,,20240101,0166000,2008
99999,00000,NON-METRO,203B,S,0230000,0498257,0637950,0771125,0958350,GA,011,GEORGIA,BANKS,,20240101,0234000,2022
12060,00000,"ATLANTA-SANDY SPRINGS-ALPHARETTA, GA",203B,H,0565000,0649750,0831800,1005450,1249550,GA,013,GEORGIA,BARROW,,20240101,0565000,2023
12060,00000,"ATLANTA-SANDY SPRINGS-ALPHARETTA, GA",203B,H,0565000,0649750,0831800,1005450,1249550,GA,015,GEORGIA,BARTOW,,20240101,0565000,2023
22340,00000,"FITZGERALD, GA",203B,S,0062000,0498257,0637950,0771125,0958350,GA,017,GEORGIA,BEN HILL,,20240101,0088000,2008
99999,00000,NON-METRO,203B,S,0117000,0498257,0637950,0771125,0958350,GA,019,GEORGIA,BERRIEN,,20240101,0126000,2008
31420,00000,"MACON-BIBB COUNTY, GA",203B,S,0227000,0498257,0637950,0771125,0958350,GA,021,GEORGIA,BIBB,,20240101,0239000,2022
99999,00000,NON-METRO,203B,S,0091000,0498257,0637950,0771125,0958350,GA,023,GEORGIA,BLECKLEY,,20240101,0121000,2008
15260,00000,"BRUNSWICK, GA",203B,S,0300000,0498257,0637950,0771125,0958350,GA,025,GEORGIA,BRANTLEY,,20240101,0300000,2023
46660,00000,"VALDOSTA, GA",203B,S,0203000,0498257,0637950,0771125,0958350,GA,027,GEORGIA,BROOKS,,20240101,0203000,2023
42340,00000,"SAVANNAH, GA",203B,S,0365000,0498257,0637950,0771125,0958350,GA,029,GEORGIA,BRYAN,,20240101,0365000,2023
44340,00000,"STATESBORO, GA",203B,S,0235000,0498257,0637950,0771125,0958350,GA,031,GEORGIA,BULLOCH,,20240101,0235000,2023
12260,00000,"AUGUSTA-RICHMOND COUNTY, GA-SC",203B,S,0297000,0498257,0637950,0771125,0958350,GA,033,GEORGIA,BURKE,,20240101,0297000,2023
12060,00000,"ATLANTA-SANDY SPRINGS-ALPHARETTA, GA",203B,H,0565000,0649750,0831800,1005450,1249550,GA,035,GEORGIA,BUTTS,,20240101,0565000,2023
99999,00000,NON-METRO,203B,S,0036000,0498257,0637950,0771125,0958350,GA,037,GEORGIA,CALHOUN,,20240101,0078000,2009
41220,00000,"ST. MARYS, GA",203B,S,0250000,0498257,0637950,0771125,0958350,GA,039,GEORGIA,CAMDEN,,20240101,0250000,2023
99999,00000,NON-METRO,203B,S,0098000,0498257,0637950,0771125,0958350,GA,043,GEORGIA,CANDLER,,20240101,0123000,2022
12060,00000,"ATLANTA-SANDY SPRINGS-ALPHARETTA, GA",203B,H,0565000,0649750,0831800,1005450,1249550,GA,045,GEORGIA,CARROLL,,20240101,0565000,2023
16860,00000,"CHATTANOOGA, TN-GA",203B,S,0310000,0498257,0637950,0771125,0958350,GA,047,GEORGIA,CATOOSA,,20240101,0310000,2023
99999,00000,NON-METRO,203B,S,0080000,0498257,0637950,0771125,0958350,GA,049,GEORGIA,CHARLTON,,20240101,0113000,2008
42340,00000,"SAVANNAH, GA",203B,S,0365000,0498257,0637950,0771125,0958350,GA,051,GEORGIA,CHATHAM,,20240101,0365000,2023
17980,00000,"COLUMBUS, GA-AL",203B,S,0277000,0498257,0637950,0771125,0958350,GA,053,GEORGIA,CHATTAHOOCHEE,,20240101,0277000,2023
44900,00000,"SUMMERVILLE, GA",203B,S,0120000,0498257,0637950,0771125,0958350,GA,055,GEORGIA,CHATTOOGA,,20240101,0124000,2009
12060,00000,"ATLANTA-SANDY SPRINGS-ALPHARETTA, GA",203B,H,0565000,0649750,0831800,1005450,1249550,GA,057,GEORGIA,CHEROKEE,,20240101,0565000,2023
12020,00000,"ATHENS-CLARKE COUNTY, GA",203B,H,0475000,0546250,0699300,0845300,1050500,GA,059,GEORGIA,CLARKE,,20240101,0475000,2023
99999,00000,NON-METRO,203B,S,0068000,0498257,0637950,0771125,0958350,GA,061,GEORGIA,CLAY,,20240101,0112000,2008
12060,00000,"ATLANTA-SANDY SPRINGS-ALPHARETTA, GA",203B,H,0565000,0649750,0831800,1005450,1249550,GA,063,GEORGIA,CLAYTON,,20240101,0565000,2023
99999,00000,NON-METRO,203B,S,0069000,0498257,0637950,0771125,0958350,GA,065,GEORGIA,CLINCH,,20240101,0122000,2008
12060,00000,"ATLANTA-SANDY SPRINGS-ALPHARETTA, GA",203B,H,0565000,0649750,0831800,1005450,1249550,GA,067,GEORGIA,COBB,,20240101,0565000,2023
20060,00000,"DOUGLAS, GA",203B,S,0084000,0498257,0637950,0771125,0958350,GA,069,GEORGIA,COFFEE,,20240101,0125000,2008
34220,00000,"MOULTRIE, GA",203B,S,0086000,0498257,0637950,0771125,0958350,GA,071,GEORGIA,COLQUITT,,20240101,0109000,2008
12260,00000,"AUGUSTA-RICHMOND COUNTY, GA-SC",203B,S,0297000,0498257,0637950,0771125,0958350,GA,073,GEORGIA,COLUMBIA,,20240101,0297000,2023
99999,00000,NON-METRO,203B,S,0095000,0498257,0637950,0771125,0958350,GA,075,GEORGIA,COOK,,20240101,0095000,2023
12060,00000,"ATLANTA-SANDY SPRINGS-ALPHARETTA, GA",203B,H,0565000,0649750,0831800,1005450,1249550,GA,077,GEORGIA,COWETA,,20240101,0565000,2023
31420,00000,"MACON-BIBB COUNTY, GA",203B,S,0227000,0498257,0637950,0771125,0958350,GA,079,GEORGIA,CRAWFORD,,20240101,0239000,2022
18380,00000,"CORDELE, GA",203B,S,0100000,0498257,0637950,0771125,0958350,GA,081,GEORGIA,CRISP,,20240101,0119000,2010
16860,00000,"CHATTANOOGA, TN-GA",203B,S,0310000,0498257,0637950,0771125,0958350,GA,083,GEORGIA,DADE,,20240101,0310000,2023
12060,00000,"ATLANTA-SANDY SPRINGS-ALPHARETTA, GA",203B,H,0565000,0649750,0831800,1005450,1249550,GA,085,GEORGIA,DAWSON,,20240101,0565000,2023
12460,00000,"BAINBRIDGE, GA",203B,S,0125000,0498257,0637950,0771125,0958350,GA,087,GEORGIA,DECATUR,,20240101,0131000,2008
12060,00000,"ATLANTA-SANDY SPRINGS-ALPHARETTA, GA",203B,H,0565000,0649750,0831800,1005450,1249550,GA,089,GEORGIA,DEKALB,,20240101,0565000,2023
99999,00000,NON-METRO,203B,S,0070000,0498257,0637950,0771125,0958350,GA,091,GEORGIA,DODGE,,20240101,0090000,2008
99999,00000,NON-METRO,203B,S,0084000,0498257,0637950,0771125,0958350,GA,093,GEORGIA,DOOLY,,20240101,0089000,2008
10500,00000,"ALBANY, GA",203B,S,0224000,0498257,0637950,0771125,0958350,GA,095,GEORGIA,DOUGHERTY,,20240101,0224000,2023
12060,00000,"ATLANTA-SANDY SPRINGS-ALPHARETTA, GA",203B,H,0565000,0649750,0831800,1005450,1249550,GA,097,GEORGIA,DOUGLAS,,20240101,0565000,2023
99999,00000,NON-METRO,203B,S,0063000,0498257,0637950,0771125,0958350,GA,099,GEORGIA,EARLY,,20240101,0099000,2008
46660,00000,"VALDOSTA, GA",203B,S,0203000,0498257,0637950,0771125,0958350,GA,101,GEORGIA,ECHOLS,,20240101,0203000,2023
42340,00000,"SAVANNAH, GA",203B,S,0365000,0498257,0637950,0771125,0958350,GA,103,GEORGIA,EFFINGHAM,,20240101,0365000,2023
99999,00000,NON-METRO,203B,S,0070000,0498257,0637950,0771125,0958350,GA,105,GEORGIA,ELBERT,,20240101,0103000,2008
99999,00000,NON-METRO,203B,S,0079000,0498257,0637950,0771125,0958350,GA,107,GEORGIA,EMANUEL,,20240101,0089000,2008
99999,00000,NON-METRO,203B,S,0078000,0498257,0637950,0771125,0958350,GA,109,GEORGIA,EVANS,,20240101,0122000,2008
99999,00000,NON-METRO,203B,S,0365000,0498257,0637950,0771125,0958350,GA,111,GEORGIA,FANNIN,,20240101,0365000,2022
12060,00000,"ATLANTA-SANDY SPRINGS-ALPHARETTA, GA",203B,H,0565000,0649750,0831800,1005450,1249550,GA,113,GEORGIA,FAYETTE,,20240101,0565000,2023
40660,00000,"ROME, GA",203B,S,0170000,0498257,0637950,0771125,0958350,GA,115,GEORGIA,FLOYD,,20240101,0170000,2023
12060,00000,"ATLANTA-SANDY SPRINGS-ALPHARETTA, GA",203B,H,0565000,0649750,0831800,1005450,1249550,GA,117,GEORGIA,FORSYTH,,20240101,0565000,2023
99999,00000,NON-METRO,203B,S,0170000,0498257,0637950,0771125,0958350,GA,119,GEORGIA,FRANKLIN,,20240101,0170000,2023
12060,00000,"ATLANTA-SANDY SPRINGS-ALPHARETTA, GA",203B,H,0565000,0649750,0831800,1005450,1249550,GA,121,GEORGIA,FULTON,,20240101,0565000,2023
99999,00000,NON-METRO,203B,S,0159000,0498257,0637950,0771125,0958350,GA,123,GEORGIA,GILMER,,20240101,0176000,2008
99999,00000,NON-METRO,203B,S,0083000,0498257,0637950,0771125,0958350,GA,125,GEORGIA,GLASCOCK,,20240101,0095000,2021
15260,00000,"BRUNSWICK, GA",203B,S,0300000,0498257,0637950,0771125,0958350,GA,127,GEORGIA,GLYNN,,20240101,0300000,2023
15660,00000,"CALHOUN, GA",203B,S,0220000,0498257,0637950,0771125,0958350,GA,129,GEORGIA,GORDON,,20240101,0220000,2023
99999,00000,NON-METRO,203B,S,0114000,0498257,0637950,0771125,0958350,GA,131,GEORGIA,GRADY,,20240101,0122000,2008
99999,00000,NON-METRO,203B,H,0460000,0529000,0677200,0818600,1017300,GA,133,GEORGIA,GREENE,,20240101,0460000,2023
12060,00000,"ATLANTA-SANDY SPRINGS-ALPHARETTA, GA",203B,H,0565000,0649750,0831800,1005450,1249550,GA,135,GEORGIA,GWINNETT,,20240101,0565000,2023
18460,00000,"CORNELIA, GA",203B,S,0225000,0498257,0637950,0771125,0958350,GA,137,GEORGIA,HABERSHAM,,20240101,0225000,2023
23580,00000,"GAINESVILLE, GA",203B,S,0350000,0498257,0637950,0771125,0958350,GA,139,GEORGIA,HALL,,20240101,0350000,2023
33300,00000,"MILLEDGEVILLE, GA",203B,S,0150000,0498257,0637950,0771125,0958350,GA,141,GEORGIA,HANCOCK,,20240101,0166000,2008
12060,00000,"ATLANTA-SANDY SPRINGS-ALPHARETTA, GA",203B,H,0565000,0649750,0831800,1005450,1249550,GA,143,GEORGIA,HARALSON,,20240101,0565000,2023
17980,00000,"COLUMBUS, GA-AL",203B,S,0277000,0498257,0637950,0771125,0958350,GA,145,GEORGIA,HARRIS,,20240101,0277000,2023
99999,00000,NON-METRO,203B,S,0205000,0498257,0637950,0771125,0958350,GA,147,GEORGIA,HART,,20240101,0205000,2023
12060,00000,"ATLANTA-SANDY SPRINGS-ALPHARETTA, GA",203B,H,0565000,0649750,0831800,1005450,1249550,GA,149,GEORGIA,HEARD,,20240101,0565000,2023
12060,00000,"ATLANTA-SANDY SPRINGS-ALPHARETTA, GA",203B,H,0565000,0649750,0831800,1005450,1249550,GA,151,GEORGIA,HENRY,,20240101,0565000,2023
47580,00000,"WARNER ROBINS, GA",203B,S,0215000,0498257,0637950,0771125,0958350,GA,153,GEORGIA,HOUSTON,,20240101,0215000,2023
99999,00000,NON-METRO,203B,S,0059000,0498257,0637950,0771125,0958350,GA,155,GEORGIA,IRWIN,,20240101,0101000,2008
27600,00000,"JEFFERSON, GA",203B,S,0370000,0498257,0637950,0771125,0958350,GA,157,GEORGIA,JACKSON,,20240101,0370000,2023
12060,00000,"ATLANTA-SANDY SPRINGS-ALPHARETTA, GA",203B,H,0565000,0649750,0831800,1005450,1249550,GA,159,GEORGIA,JASPER,,20240101,0565000,2023
99999,00000,NON-METRO,203B,S,0064000,0498257,0637950,0771125,0958350,GA,161,GEORGIA,JEFF DAVIS,,20240101,0110000,2008
99999,00000,NON-METRO,203B,S,0058000,0498257,0637950,0771125,0958350,GA,163,GEORGIA,JEFFERSON,,20240101,0085000,2009
99999,00000,NON-METRO,203B,S,0063000,0498257,0637950,0771125,0958350,GA,165,GEORGIA,JENKINS,,20240101,0071000,2008
20140,00000,"DUBLIN, GA",203B,S,0105000,0498257,0637950,0771125,0958350,GA,167,GEORGIA,JOHNSON,,20240101,0134000,2008
31420,00000,"MACON-BIBB COUNTY, GA",203B,S,0227000,0498257,0637950,0771125,0958350,GA,169,GEORGIA,JONES,,20240101,0239000,2022
12060,00000,"ATLANTA-SANDY SPRINGS-ALPHARETTA, GA",203B,H,0565000,0649750,0831800,1005450,1249550,GA,171,GEORGIA,LAMAR,,20240101,0565000,2023
46660,00000,"VALDOSTA, GA",203B,S,0203000,0498257,0637950,0771125,0958350,GA,173,GEORGIA,LANIER,,20240101,0203000,2023
20140,00000,"DUBLIN, GA",203B,S,0105000,0498257,0637950,0771125,0958350,GA,175,GEORGIA,LAURENS,,20240101,0134000,2008
10500,00000,"ALBANY, GA",203B,S,0224000,0498257,0637950,0771125,0958350,GA,177,GEORGIA,LEE,,20240101,0224000,2023
25980,00000,"HINESVILLE, GA",203B,S,0252000,0498257,0637950,0771125,0958350,GA,179,GEORGIA,LIBERTY,,20240101,0252000,2023
12260,00000,"AUGUSTA-RICHMOND COUNTY, GA-SC",203B,S,0297000,0498257,0637950,0771125,0958350,GA,181,GEORGIA,LINCOLN,,20240101,0297000,2023
25980,00000,"HINESVILLE, GA",203B,S,0252000,0498257,0637950,0771125,0958350,GA,183,GEORGIA,LONG,,20240101,0252000,2023
46660,00000,"VALDOSTA, GA",203B,S,0203000,0498257,0637950,0771125,0958350,GA,185,GEORGIA,LOWNDES,,20240101,0203000,2023
99999,00000,NON-METRO,203B,S,0280000,0498257,0637950,0771125,0958350,GA,187,GEORGIA,LUMPKIN,,20240101,0280000,2023
12260,00000,"AUGUSTA-RICHMOND COUNTY, GA-SC",203B,S,0297000,0498257,0637950,0771125,0958350,GA,189,GEORGIA,MCDUFFIE,,20240101,0297000,2023
15260,00000,"BRUNSWICK, GA",203B,S,0300000,0498257,0637950,0771125,0958350,GA,191,GEORGIA,MCINTOSH,,20240101,0300000,2023
99999,00000,NON-METRO,203B,S,0055000,0498257,0637950,0771125,0958350,GA,193,GEORGIA,MACON,,20240101,0100000,2008
12020,00000,"ATHENS-CLARKE COUNTY, GA",203B,H,0475000,0546250,0699300,0845300,1050500,GA,195,GEORGIA,MADISON,,20240101,0475000,2023
17980,00000,"COLUMBUS, GA-AL",203B,S,0277000,0498257,0637950,0771125,0958350,GA,197,GEORGIA,MARION,,20240101,0277000,2023
12060,00000,"ATLANTA-SANDY SPRINGS-ALPHARETTA, GA",203B,H,0565000,0649750,0831800,1005450,1249550,GA,199,GEORGIA,MERIWETHER,,20240101,0565000,2023
99999,00000,NON-METRO,203B,S,0085000,0498257,0637950,0771125,0958350,GA,201,GEORGIA,MILLER,,20240101,0118000,2008
99999,00000,NON-METRO,203B,S,0085000,0498257,0637950,0771125,0958350,GA,205,GEORGIA,MITCHELL,,20240101,0098000,2008
31420,00000,"MACON-BIBB COUNTY, GA",203B,S,0227000,0498257,0637950,0771125,0958350,GA,207,GEORGIA,MONROE,,20240101,0239000,2022
47080,00000,"VIDALIA, GA",203B,S,0108000,0498257,0637950,0771125,0958350,GA,209,GEORGIA,MONTGOMERY,,20240101,0117000,2008
12060,00000,"ATLANTA-SANDY SPRINGS-ALPHARETTA, GA",203B,H,0565000,0649750,0831800,1005450,1249550,GA,211,GEORGIA,MORGAN,,20240101,0565000,2023
19140,00000,"DALTON, GA",203B,S,0197000,0498257,0637950,0771125,0958350,GA,213,GEORGIA,MURRAY,,20240101,0197000,2023
17980,00000,"COLUMBUS, GA-AL",203B,S,0277000,0498257,0637950,0771125,0958350,GA,215,GEORGIA,MUSCOGEE,,20240101,0277000,2023
12060,00000,"ATLANTA-SANDY SPRINGS-ALPHARETTA, GA",203B,H,0565000,0649750,0831800,1005450,1249550,GA,217,GEORGIA,NEWTON,,20240101,0565000,2023
12020,00000,"ATHENS-CLARKE COUNTY, GA",203B,H,0475000,0546250,0699300,0845300,1050500,GA,219,GEORGIA,OCONEE,,20240101,0475000,2023
12020,00000,"ATHENS-CLARKE COUNTY, GA",203B,H,0475000,0546250,0699300,0845300,1050500,GA,221,GEORGIA,OGLETHORPE,,20240101,0475000,2023
12060,00000,"ATLANTA-SANDY SPRINGS-ALPHARETTA, GA",203B,H,0565000,0649750,0831800,1005450,1249550,GA,223,GEORGIA,PAULDING,,20240101,0565000,2023
47580,00000,"WARNER ROBINS, GA",203B,S,0215000,0498257,0637950,0771125,0958350,GA,225,GEORGIA,PEACH,,20240101,0215000,2023
12060,00000,"ATLANTA-SANDY SPRINGS-ALPHARETTA, GA",203B,H,0565000,0649750,0831800,1005450,1249550,GA,227,GEORGIA,PICKENS,,20240101,0565000,2023
48180,00000,"WAYCROSS, GA",203B,S,0109000,0498257,0637950,0771125,0958350,GA,229,GEORGIA,PIERCE,,20240101,0139000,2022
12060,00000,"ATLANTA-SANDY SPRINGS-ALPHARETTA, GA",203B,H,0565000,0649750,0831800,1005450,1249550,GA,231,GEORGIA,PIKE,,20240101,0565000,2023
16340,00000,"CEDARTOWN, GA",203B,S,0179000,0498257,0637950,0771125,0958350,GA,233,GEORGIA,POLK,,20240101,0179000,2023
99999,00000,NON-METRO,203B,S,0130000,0498257,0637950,0771125,0958350,GA,235,GEORGIA,PULASKI,,20240101,0130000,2023
99999,00000,NON-METRO,203B,S,0265000,0498257,0637950,0771125,0958350,GA,237,GEORGIA,PUTNAM,,20240101,0265000,2023
21640,00000,"EUFAULA, AL-GA",203B,S,0128000,0498257,0637950,0771125,0958350,GA,239,GEORGIA,QUITMAN,,20240101,0128000,2023
99999,00000,NON-METRO,203B,S,0238000,0498257,0637950,0771125,0958350,GA,241,GEORGIA,RABUN,,20240101,0238000,2023
99999,00000,NON-METRO,203B,S,0054000,0498257,0637950,0771125,0958350,GA,243,GEORGIA,RANDOLPH,,20240101,0097000,2008
12260,00000,"AUGUSTA-RICHMOND COUNTY, GA-SC",203B,S,0297000,0498257,0637950,0771125,0958350,GA,245,GEORGIA,RICHMOND,,20240101,0297000,2023
12060,00000,"ATLANTA-SANDY SPRINGS-ALPHARETTA, GA",203B,H,0565000,0649750,0831800,1005450,1249550,GA,247,GEORGIA,ROCKDALE,,20240101,0565000,2023
11140,00000,"AMERICUS, GA",203B,S,0130000,0498257,0637950,0771125,0958350,GA,249,GEORGIA,SCHLEY,,20240101,0130000,2023
99999,00000,NON-METRO,203B,S,0072000,0498257,0637950,0771125,0958350,GA,251,GEORGIA,SCREVEN,,20240101,0098000,2008
99999,00000,NON-METRO,203B,S,0070000,0498257,0637950,0771125,0958350,GA,253,GEORGIA,SEMINOLE,,20240101,0109000,2008
12060,00000,"ATLANTA-SANDY SPRINGS-ALPHARETTA, GA",203B,H,0565000,0649750,0831800,1005450,1249550,GA,255,GEORGIA,SPALDING,,20240101,0565000,2023
45740,00000,"TOCCOA, GA",203B,S,0155000,0498257,0637950,0771125,0958350,GA,257,GEORGIA,STEPHENS,,20240101,0155000,2023
17980,00000,"COLUMBUS, GA-AL",203B,S,0277000,0498257,0637950,0771125,0958350,GA,259,GEORGIA,STEWART,,20240101,0277000,2023
11140,00000,"AMERICUS, GA",203B,S,0130000,0498257,0637950,0771125,0958350,GA,261,GEORGIA,SUMTER,,20240101,0130000,2023
17980,00000,"COLUMBUS, GA-AL",203B,S,0277000,0498257,0637950,0771125,0958350,GA,263,GEORGIA,TALBOT,,20240101,0277000,2023
99999,00000,NON-METRO,203B,S,0080000,0498257,0637950,0771125,0958350,GA,265,GEORGIA,TALIAFERRO,,20240101,0110000,2008
99999,00000,NON-METRO,203B,S,0110000,0498257,0637950,0771125,0958350,GA,267,GEORGIA,TATTNALL,,20240101,0119000,2008
99999,00000,NON-METRO,203B,S,0049000,0498257,0637950,0771125,0958350,GA,269,GEORGIA,TAYLOR,,20240101,0110000,2008
99999,00000,NON-METRO,203B,S,0046000,0498257,0637950,0771125,0958350,GA,271,GEORGIA,TELFAIR,,20240101,0083000,2008
10500,00000,"ALBANY, GA",203B,S,0224000,0498257,0637950,0771125,0958350,GA,273,GEORGIA,TERRELL,,20240101,0224000,2023
45620,00000,"THOMASVILLE, GA",203B,S,0176000,0498257,0637950,0771125,0958350,GA,275,GEORGIA,THOMAS,,20240101,0180000,2022
45700,00000,"TIFTON, GA",203B,S,0150000,0498257,0637950,0771125,0958350,GA,277,GEORGIA,TIFT,,20240101,0169000,2022
47080,00000,"VIDALIA, GA",203B,S,0108000,0498257,0637950,0771125,0958350,GA,279,GEORGIA,TOOMBS,,20240101,0117000,2008
99999,00000,NON-METRO,203B,S,0200000,0498257,0637950,0771125,0958350,GA,281,GEORGIA,TOWNS,,20240101,0211000,2008
20140,00000,"DUBLIN, GA",203B,S,0105000,0498257,0637950,0771125,0958350,GA,283,GEORGIA,TREUTLEN,,20240101,0134000,2008
29300,00000,"LAGRANGE, GA-AL",203B,S,0182000,0498257,0637950,0771125,0958350,GA,285,GEORGIA,TROUP,,20240101,0182000,2023
99999,00000,NON-METRO,203B,S,0056000,0498257,0637950,0771125,0958350,GA,287,GEORGIA,TURNER,,20240101,0085000,2008
31420,00000,"MACON-BIBB COUNTY, GA",203B,S,0227000,0498257,0637950,0771125,0958350,GA,289,GEORGIA,TWIGGS,,20240101,0239000,2022
99999,00000,NON-METRO,203B,S,0175000,0498257,0637950,0771125,0958350,GA,291,GEORGIA,UNION,,20240101,0175000,2023
45580,00000,"THOMASTON, GA",203B,S,0130000,0498257,0637950,0771125,0958350,GA,293,GEORGIA,UPSON,,20240101,0130000,2022
16860,00000,"CHATTANOOGA, TN-GA",203B,S,0310000,0498257,0637950,0771125,0958350,GA,295,GEORGIA,WALKER,,20240101,0310000,2023
12060,00000,"ATLANTA-SANDY SPRINGS-ALPHARETTA, GA",203B,H,0565000,0649750,0831800,1005450,1249550,GA,297,GEORGIA,WALTON,,20240101,0565000,2023
48180,00000,"WAYCROSS, GA",203B,S,0109000,0498257,0637950,0771125,0958350,GA,299,GEORGIA,WARE,,20240101,0139000,2022
99999,00000,NON-METRO,203B,S,0055000,0498257,0637950,0771125,0958350,GA,301,GEORGIA,WARREN,,20240101,0143000,2008
99999,00000,NON-METRO,203B,S,0080000,0498257,0637950,0771125,0958350,GA,303,GEORGIA,WASHINGTON,,20240101,0106000,2008
27700,00000,"JESUP, GA",203B,S,0125000,0498257,0637950,0771125,0958350,GA,305,GEORGIA,WAYNE,,20240101,0141000,2008
99999,00000,NON-METRO,203B,S,0089000,0498257,0637950,0771125,0958350,GA,307,GEORGIA,WEBSTER,,20240101,0089000,2023
99999,00000,NON-METRO,203B,S,0061000,0498257,0637950,0771125,0958350,GA,309,GEORGIA,WHEELER,,20240101,0086000,2008
99999,00000,NON-METRO,203B,S,0230000,0498257,0637950,0771125,0958350,GA,311,GEORGIA,WHITE,,20240101,0230000,2023
19140,00000,"DALTON, GA",203B,S,0197000,0498257,0637950,0771125,0958350,GA,313,GEORGIA,WHITFIELD,,20240101,0197000,2023
99999,00000,NON-METRO,203B,S,0035000,0498257,0637950,0771125,0958350,GA,315,GEORGIA,WILCOX,,20240101,0098000,2008
99999,00000,NON-METRO,203B,S,0095000,0498257,0637950,0771125,0958350,GA,317,GEORGIA,WILKES,,20240101,0101000,2008
99999,00000,NON-METRO,203B,S,0050000,0498257,0637950,0771125,0958350,GA,319,GEORGIA,WILKINSON,,20240101,0119000,2008
10500,00000,"ALBANY, GA",203B,S,0224000,0498257,0637950,0771125,0958350,GA,321,GEORGIA,WORTH,,20240101,0224000,2023
99999,00000,NON-METRO,203B,H,0400000,0563500,0721400,0872000,1083650,GU,010,GUAM,GUAM,,20140101,0490000,2008
25900,00000,"HILO, HI",203B,H,0450000,0517500,0662500,0800800,0995200,HI,001,HAWAII,HAWAII,,20230101,0450000,2022
46520,00000,"URBAN HONOLULU, HI",203B,H,0678000,0779700,0998150,1206550,1499450,HI,003,HAWAII,HONOLULU,,20240101,0678000,2023
99999,00000,NON-METRO,203B,H,0870000,1000500,1280850,1548250,1924100,HI,005,HAWAII,KALAWAO,,20240101,0870000,2023
28180,00000,"KAPAA, HI",203B,H,0895000,1029250,1317650,1592700,1979350,HI,007,HAWAII,KAUAI,,20240101,0895000,2023
27980,00000,"KAHULUI-WAILUKU-LAHAINA, HI",203B,H,0870000,1000500,1280850,1548250,1924100,HI,009,HAWAII,MAUI,,20240101,0870000,2023
99999,00000,NON-METRO,203B,S,0119000,0498257,0637950,0771125,0958350,IA,001,IOWA,ADAIR,,20240101,0123000,2021
99999,00000,NON-METRO,203B,S,0084000,0498257,0637950,0771125,0958350,IA,003,IOWA,ADAMS,,20240101,0103000,2021
99999,00000,NON-METRO,203B,S,0118000,0498257,0637950,0771125,0958350,IA,005,IOWA,ALLAMAKEE,,20240101,0118000,2023
99999,00000,NON-METRO,203B,S,0088000,0498257,0637950,0771125,0958350,IA,007,IOWA,APPANOOSE,,20240101,0088000,2023
99999,00000,NON-METRO,203B,S,0084000,0498257,0637950,0771125,0958350,IA,009,IOWA,AUDUBON,,20240101,0093000,2021
16300,00000,"CEDAR RAPIDS, IA",203B,S,0187000,0498257,0637950,0771125,0958350,IA,011,IOWA,BENTON,,20240101,0187000,2023
47940,00000,"WATERLOO-CEDAR FALLS, IA",203B,S,0166000,0498257,0637950,0771125,0958350,IA,013,IOWA,BLACK HAWK,,20240101,0175000,2022
11180,00000,"AMES, IA",203B,S,0245000,0498257,0637950,0771125,0958350,IA,015,IOWA,BOONE,,20240101,0245000,2023
47940,00000,"WATERLOO-CEDAR FALLS, IA",203B,S,0166000,0498257,0637950,0771125,0958350,IA,017,IOWA,BREMER,,20240101,0175000,2022
99999,00000,NON-METRO,203B,S,0145000,0498257,0637950,0771125,0958350,IA,019,IOWA,BUCHANAN,,20240101,0150000,2022
44740,00000,"STORM LAKE, IA",203B,S,0150000,0498257,0637950,0771125,0958350,IA,021,IOWA,BUENA VISTA,,20240101,0150000,2023
99999,00000,NON-METRO,203B,S,0127000,0498257,0637950,0771125,0958350,IA,023,IOWA,BUTLER,,20240101,0130000,2022
99999,00000,NON-METRO,203B,S,0075000,0498257,0637950,0771125,0958350,IA,025,IOWA,CALHOUN,,20240101,0077000,2022
16140,00000,"CARROLL, IA",203B,S,0150000,0498257,0637950,0771125,0958350,IA,027,IOWA,CARROLL,,20240101,0150000,2023
99999,00000,NON-METRO,203B,S,0100000,0498257,0637950,0771125,0958350,IA,029,IOWA,CASS,,20240101,0100000,2023
99999,00000,NON-METRO,203B,S,0187000,0498257,0637950,0771125,0958350,IA,031,IOWA,CEDAR,,20240101,0187000,2023
32380,00000,"MASON CITY, IA",203B,S,0150000,0498257,0637950,0771125,0958350,IA,033,IOWA,CERRO GORDO,,20240101,0150000,2023
99999,00000,NON-METRO,203B,S,0097000,0498257,0637950,0771125,0958350,IA,035,IOWA,CHEROKEE,,20240101,0100000,2022
99999,00000,NON-METRO,203B,S,0130000,0498257,0637950,0771125,0958350,IA,037,IOWA,CHICKASAW,,20240101,0130000,2023
99999,00000,NON-METRO,203B,S,0116000,0498257,0637950,0771125,0958350,IA,039,IOWA,CLARKE,,20240101,0129000,2021
43980,00000,"SPENCER, IA",203B,S,0145000,0498257,0637950,0771125,0958350,IA,041,IOWA,CLAY,,20240101,0145000,2023
99999,00000,NON-METRO,203B,S,0129000,0498257,0637950,0771125,0958350,IA,043,IOWA,CLAYTON,,20240101,0129000,2023
17540,00000,"CLINTON, IA",203B,S,0118000,0498257,0637950,0771125,0958350,IA,045,IOWA,CLINTON,,20240101,0121000,2022
99999,00000,NON-METRO,203B,S,0110000,0498257,0637950,0771125,0958350,IA,047,IOWA,CRAWFORD,,20240101,0110000,2023
19780,00000,"DES MOINES-WEST DES MOINES, IA",203B,S,0328000,0498257,0637950,0771125,0958350,IA,049,IOWA,DALLAS,,20240101,0328000,2023
99999,00000,NON-METRO,203B,S,0123000,0498257,0637950,0771125,0958350,IA,051,IOWA,DAVIS,,20240101,0145000,2020
99999,00000,NON-METRO,203B,S,0085000,0498257,0637950,0771125,0958350,IA,053,IOWA,DECATUR,,20240101,0103000,2013
99999,00000,NON-METRO,203B,S,0169000,0498257,0637950,0771125,0958350,IA,055,IOWA,DELAWARE,,20240101,0169000,2023
15460,00000,"BURLINGTON, IA-IL",203B,S,0188000,0498257,0637950,0771125,0958350,IA,057,IOWA,DES MOINES,,20240101,0189000,2022
44020,00000,"SPIRIT LAKE, IA",203B,S,0290000,0498257,0637950,0771125,0958350,IA,059,IOWA,DICKINSON,,20240101,0290000,2023
20220,00000,"DUBUQUE, IA",203B,S,0200000,0498257,0637950,0771125,0958350,IA,061,IOWA,DUBUQUE,,20240101,0200000,2023
99999,00000,NON-METRO,203B,S,0094000,0498257,0637950,0771125,0958350,IA,063,IOWA,EMMET,,20240101,0094000,2023
99999,00000,NON-METRO,203B,S,0088000,0498257,0637950,0771125,0958350,IA,065,IOWA,FAYETTE,,20240101,0088000,2023
99999,00000,NON-METRO,203B,S,0098000,0498257,0637950,0771125,0958350,IA,067,IOWA,FLOYD,,20240101,0108000,2017
99999,00000,NON-METRO,203B,S,0078000,0498257,0637950,0771125,0958350,IA,069,IOWA,FRANKLIN,,20240101,0095000,2017
99999,00000,NON-METRO,203B,S,0089000,0498257,0637950,0771125,0958350,IA,071,IOWA,FREMONT,,20240101,0128000,2021
99999,00000,NON-METRO,203B,S,0093000,0498257,0637950,0771125,0958350,IA,073,IOWA,GREENE,,20240101,0093000,2023
47940,00000,"WATERLOO-CEDAR FALLS, IA",203B,S,0166000,0498257,0637950,0771125,0958350,IA,075,IOWA,GRUNDY,,20240101,0175000,2022
19780,00000,"DES MOINES-WEST DES MOINES, IA",203B,S,0328000,0498257,0637950,0771125,0958350,IA,077,IOWA,GUTHRIE,,20240101,0328000,2023
99999,00000,NON-METRO,203B,S,0125000,0498257,0637950,0771125,0958350,IA,079,IOWA,HAMILTON,,20240101,0155000,2021
99999,00000,NON-METRO,203B,S,0127000,0498257,0637950,0771125,0958350,IA,081,IOWA,HANCOCK,,20240101,0127000,2023
99999,00000,NON-METRO,203B,S,0098000,0498257,0637950,0771125,0958350,IA,083,IOWA,HARDIN,,20240101,0101000,2017
36540,00000,"OMAHA-COUNCIL BLUFFS, NE-IA",203B,S,0325000,0498257,0637950,0771125,0958350,IA,085,IOWA,HARRISON,,20240101,0325000,2023
99999,00000,NON-METRO,203B,S,0146000,0498257,0637950,0771125,0958350,IA,087,IOWA,HENRY,,20240101,0146000,2023
99999,00000,NON-METRO,203B,S,0127000,0498257,0637950,0771125,0958350,IA,089,IOWA,HOWARD,,20240101,0127000,2023
99999,00000,NON-METRO,203B,S,0137000,0498257,0637950,0771125,0958350,IA,091,IOWA,HUMBOLDT,,20240101,0137000,2023
99999,00000,NON-METRO,203B,S,0093000,0498257,0637950,0771125,0958350,IA,093,IOWA,IDA,,20240101,0113000,2021
99999,00000,NON-METRO,203B,S,0145000,0498257,0637950,0771125,0958350,IA,095,IOWA,IOWA,,20240101,0153000,2018
99999,00000,NON-METRO,203B,S,0134000,0498257,0637950,0771125,0958350,IA,097,IOWA,JACKSON,,20240101,0134000,2023
19780,00000,"DES MOINES-WEST DES MOINES, IA",203B,S,0328000,0498257,0637950,0771125,0958350,IA,099,IOWA,JASPER,,20240101,0328000,2023
21840,00000,"FAIRFIELD, IA",203B,S,0130000,0498257,0637950,0771125,0958350,IA,101,IOWA,JEFFERSON,,20240101,0130000,2023
26980,00000,"IOWA CITY, IA",203B,S,0315000,0498257,0637950,0771125,0958350,IA,103,IOWA,JOHNSON,,20240101,0315000,2023
16300,00000,"CEDAR RAPIDS, IA",203B,S,0187000,0498257,0637950,0771125,0958350,IA,105,IOWA,JONES,,20240101,0187000,2023
99999,00000,NON-METRO,203B,S,0095000,0498257,0637950,0771125,0958350,IA,107,IOWA,KEOKUK,,20240101,0095000,2023
99999,00000,NON-METRO,203B,S,0100000,0498257,0637950,0771125,0958350,IA,109,IOWA,KOSSUTH,,20240101,0102000,2022
22800,00000,"FORT MADISON-KEOKUK, IA-IL-MO",203B,S,0113000,0498257,0637950,0771125,0958350,IA,111,IOWA,LEE,,20240101,0113000,2023
16300,00000,"CEDAR RAPIDS, IA",203B,S,0187000,0498257,0637950,0771125,0958350,IA,113,IOWA,LINN,,20240101,0187000,2023
99999,00000,NON-METRO,203B,S,0100000,0498257,0637950,0771125,0958350,IA,115,IOWA,LOUISA,,20240101,0107000,2017
99999,00000,NON-METRO,203B,S,0117000,0498257,0637950,0771125,0958350,IA,117,IOWA,LUCAS,,20240101,0117000,2021
99999,00000,NON-METRO,203B,S,0155000,0498257,0637950,0771125,0958350,IA,119,IOWA,LYON,,20240101,0165000,2022
19780,00000,"DES MOINES-WEST DES MOINES, IA",203B,S,0328000,0498257,0637950,0771125,0958350,IA,121,IOWA,MADISON,,20240101,0328000,2023
36820,00000,"OSKALOOSA, IA",203B,S,0125000,0498257,0637950,0771125,0958350,IA,123,IOWA,MAHASKA,,20240101,0139000,2017
37800,00000,"PELLA, IA",203B,S,0167000,0498257,0637950,0771125,0958350,IA,125,IOWA,MARION,,20240101,0175000,2021
32260,00000,"MARSHALLTOWN, IA",203B,S,0127000,0498257,0637950,0771125,0958350,IA,127,IOWA,MARSHALL,,20240101,0127000,2023
36540,00000,"OMAHA-COUNCIL BLUFFS, NE-IA",203B,S,0325000,0498257,0637950,0771125,0958350,IA,129,IOWA,MILLS,,20240101,0325000,2023
99999,00000,NON-METRO,203B,S,0140000,0498257,0637950,0771125,0958350,IA,131,IOWA,MITCHELL,,20240101,0140000,2023
99999,00000,NON-METRO,203B,S,0105000,0498257,0637950,0771125,0958350,IA,133,IOWA,MONONA,,20240101,0105000,2023
99999,00000,NON-METRO,203B,S,0082000,0498257,0637950,0771125,0958350,IA,135,IOWA,MONROE,,20240101,0103000,2017
99999,00000,NON-METRO,203B,S,0091000,0498257,0637950,0771125,0958350,IA,137,IOWA,MONTGOMERY,,20240101,0100000,2021
34700,00000,"MUSCATINE, IA",203B,S,0153000,0498257,0637950,0771125,0958350,IA,139,IOWA,MUSCATINE,,20240101,0153000,2023
99999,00000,NON-METRO,203B,S,0125000,0498257,0637950,0771125,0958350,IA,141,IOWA,O'BRIEN,,20240101,0125000,2023
99999,00000,NON-METRO,203B,S,0085000,0498257,0637950,0771125,0958350,IA,143,IOWA,OSCEOLA,,20240101,0110000,2021
99999,00000,NON-METRO,203B,S,0086000,0498257,0637950,0771125,0958350,IA,145,IOWA,PAGE,,20240101,0088000,2017
99999,00000,NON-METRO,203B,S,0098000,0498257,0637950,0771125,0958350,IA,147,IOWA,PALO ALTO,,20240101,0098000,2023
99999,00000,NON-METRO,203B,S,0190000,0498257,0637950,0771125,0958350,IA,149,IOWA,PLYMOUTH,,20240101,0193000,2022
99999,00000,NON-METRO,203B,S,0069000,0498257,0637950,0771125,0958350,IA,151,IOWA,POCAHONTAS,,20240101,0069000,2017
19780,00000,"DES MOINES-WEST DES MOINES, IA",203B,S,0328000,0498257,0637950,0771125,0958350,IA,153,IOWA,POLK,,20240101,0328000,2023
36540,00000,"OMAHA-COUNCIL BLUFFS, NE-IA",203B,S,0325000,0498257,0637950,0771125,0958350,IA,155,IOWA,POTTAWATTAMIE,,20240101,0325000,2023
99999,00000,NON-METRO,203B,S,0161000,0498257,0637950,0771125,0958350,IA,157,IOWA,POWESHIEK,,20240101,0161000,2023
99999,00000,NON-METRO,203B,S,0090000,0498257,0637950,0771125,0958350,IA,159,IOWA,RINGGOLD,,20240101,0106000,2008
99999,00000,NON-METRO,203B,S,0091000,0498257,0637950,0771125,0958350,IA,161,IOWA,SAC,,20240101,0092000,2017
19340,00000,"DAVENPORT-MOLINE-ROCK ISLAND, IA-IL",203B,S,0195000,0498257,0637950,0771125,0958350,IA,163,IOWA,SCOTT,,20240101,0195000,2023
99999,00000,NON-METRO,203B,S,0145000,0498257,0637950,0771125,0958350,IA,165,IOWA,SHELBY,,20240101,0145000,2023
99999,00000,NON-METRO,203B,S,0190000,0498257,0637950,0771125,0958350,IA,167,IOWA,SIOUX,,20240101,0190000,2023
11180,00000,"AMES, IA",203B,S,0245000,0498257,0637950,0771125,0958350,IA,169,IOWA,STORY,,20240101,0245000,2023
99999,00000,NON-METRO,203B,S,0105000,0498257,0637950,0771125,0958350,IA,171,IOWA,TAMA,,20240101,0105000,2023
99999,00000,NON-METRO,203B,S,0063000,0498257,0637950,0771125,0958350,IA,173,IOWA,TAYLOR,,20240101,0072000,2013
99999,00000,NON-METRO,203B,S,0075000,0498257,0637950,0771125,0958350,IA,175,IOWA,UNION,,20240101,0089000,2022
99999,00000,NON-METRO,203B,S,0073000,0498257,0637950,0771125,0958350,IA,177,IOWA,VAN BUREN,,20240101,0082000,2017
36900,00000,"OTTUMWA, IA",203B,S,0075000,0498257,0637950,0771125,0958350,IA,179,IOWA,WAPELLO,,20240101,0082000,2017
19780,00000,"DES MOINES-WEST DES MOINES, IA",203B,S,0328000,0498257,0637950,0771125,0958350,IA,181,IOWA,WARREN,,20240101,0328000,2023
26980,00000,"IOWA CITY, IA",203B,S,0315000,0498257,0637950,0771125,0958350,IA,183,IOWA,WASHINGTON,,20240101,0315000,2023
99999,00000,NON-METRO,203B,S,0071000,0498257,0637950,0771125,0958350,IA,185,IOWA,WAYNE,,20240101,0100000,2021
22700,00000,"FORT DODGE, IA",203B,S,0110000,0498257,0637950,0771125,0958350,IA,187,IOWA,WEBSTER,,20240101,0110000,2023
99999,00000,NON-METRO,203B,S,0122000,0498257,0637950,0771125,0958350,IA,189,IOWA,WINNEBAGO,,20240101,0122000,2023
99999,00000,NON-METRO,203B,S,0178000,0498257,0637950,0771125,0958350,IA,191,IOWA,WINNESHIEK,,20240101,0183000,2022
43580,00000,"SIOUX CITY, IA-NE-SD",203B,S,0359000,0498257,0637950,0771125,0958350,IA,193,IOWA,WOODBURY,,20240101,0359000,2023
32380,00000,"MASON CITY, IA",203B,S,0150000,0498257,0637950,0771125,0958350,IA,195,IOWA,WORTH,,20240101,0150000,2023
99999,00000,NON-METRO,203B,S,0080000,0498257,0637950,0771125,0958350,IA,197,IOWA,WRIGHT,,20240101,0080000,2022
14260,00000,"BOISE CITY, ID",203B,H,0477000,0586500,0750800,0907550,1127900,ID,001,IDAHO,ADA,,20230101,0510000,2022
99999,00000,NON-METRO,203B,S,0278000,0498257,0637950,0771125,0958350,ID,003,IDAHO,ADAMS,,20240101,0278000,2023
38540,00000,"POCATELLO, ID",203B,S,0300000,0498257,0637950,0771125,0958350,ID,005,IDAHO,BANNOCK,,20240101,0315000,2022
99999,00000,NON-METRO,203B,S,0296000,0498257,0637950,0771125,0958350,ID,007,IDAHO,BEAR LAKE,,20240101,0308000,2022
99999,00000,NON-METRO,203B,S,0238000,0498257,0637950,0771125,0958350,ID,009,IDAHO,BENEWAH,,20240101,0238000,2023
13940,00000,"BLACKFOOT, ID",203B,S,0315000,0498257,0637950,0771125,0958350,ID,011,IDAHO,BINGHAM,,20240101,0316000,2022
25200,00000,"HAILEY, ID",203B,H,0660000,0759000,0971650,1174500,1459650,ID,013,IDAHO,BLAINE,,20240101,0660000,2023
14260,00000,"BOISE CITY, ID",203B,H,0477000,0586500,0750800,0907550,1127900,ID,015,IDAHO,BOISE,,20230101,0510000,2022
41760,00000,"SANDPOINT, ID",203B,H,0425000,0523250,0669850,0809700,1006250,ID,017,IDAHO,BONNER,,20230101,0455000,2022
26820,00000,"IDAHO FALLS, ID",203B,S,0379000,0498257,0637950,0771125,0958350,ID,019,IDAHO,BONNEVILLE,,20240101,0396000,2022
99999,00000,NON-METRO,203B,S,0360000,0498257,0637950,0771125,0958350,ID,021,IDAHO,BOUNDARY,,20240101,0365000,2022
26820,00000,"IDAHO FALLS, ID",203B,S,0379000,0498257,0637950,0771125,0958350,ID,023,IDAHO,BUTTE,,20240101,0396000,2022
25200,00000,"HAILEY, ID",203B,H,0660000,0759000,0971650,1174500,1459650,ID,025,IDAHO,CAMAS,,20240101,0660000,2023
14260,00000,"BOISE CITY, ID",203B,H,0477000,0586500,0750800,0907550,1127900,ID,027,IDAHO,CANYON,,20230101,0510000,2022
99999,00000,NON-METRO,203B,S,0259000,0498257,0637950,0771125,0958350,ID,029,IDAHO,CARIBOU,,20240101,0259000,2023
15420,00000,"BURLEY, ID",203B,S,0302000,0498257,0637950,0771125,0958350,ID,031,IDAHO,CASSIA,,20240101,0302000,2023
99999,00000,NON-METRO,203B,S,0248000,0498257,0637950,0771125,0958350,ID,033,IDAHO,CLARK,,20240101,0250000,2022
99999,00000,NON-METRO,203B,S,0207000,0498257,0637950,0771125,0958350,ID,035,IDAHO,CLEARWATER,,20240101,0224000,2022
99999,00000,NON-METRO,203B,S,0232000,0498257,0637950,0771125,0958350,ID,037,IDAHO,CUSTER,,20240101,0235000,2022
34300,00000,"MOUNTAIN HOME, ID",203B,S,0324000,0498257,0637950,0771125,0958350,ID,039,IDAHO,ELMORE,,20240101,0326000,2022
30860,00000,"LOGAN, UT-ID",203B,S,0430000,0498257,0637950,0771125,0958350,ID,041,IDAHO,FRANKLIN,,20240101,0430000,2023
39940,00000,"REXBURG, ID",203B,S,0343000,0498257,0637950,0771125,0958350,ID,043,IDAHO,FREMONT,,20240101,0375000,2022
14260,00000,"BOISE CITY, ID",203B,H,0477000,0586500,0750800,0907550,1127900,ID,045,IDAHO,GEM,,20230101,0510000,2022
99999,00000,NON-METRO,203B,S,0266000,0498257,0637950,0771125,0958350,ID,047,IDAHO,GOODING,,20240101,0266000,2023
99999,00000,NON-METRO,203B,S,0225000,0498257,0637950,0771125,0958350,ID,049,IDAHO,IDAHO,,20240101,0225000,2023
26820,00000,"IDAHO FALLS, ID",203B,S,0379000,0498257,0637950,0771125,0958350,ID,051,IDAHO,JEFFERSON,,20240101,0396000,2022
46300,00000,"TWIN FALLS, ID",203B,S,0322000,0498257,0637950,0771125,0958350,ID,053,IDAHO,JEROME,,20240101,0332000,2022
17660,00000,"COEUR D'ALENE, ID",203B,H,0481000,0572700,0733150,0886200,1101350,ID,055,IDAHO,KOOTENAI,,20230101,0498000,2022
34140,00000,"MOSCOW, ID",203B,S,0414000,0498257,0637950,0771125,0958350,ID,057,IDAHO,LATAH,,20240101,0414000,2023
99999,00000,NON-METRO,203B,S,0255000,0498257,0637950,0771125,0958350,ID,059,IDAHO,LEMHI,,20240101,0286000,2022
99999,00000,NON-METRO,203B,S,0236000,0498257,0637950,0771125,0958350,ID,061,IDAHO,LEWIS,,20240101,0236000,2023
99999,00000,NON-METRO,203B,S,0263000,0498257,0637950,0771125,0958350,ID,063,IDAHO,LINCOLN,,20240101,0263000,2023
39940,00000,"REXBURG, ID",203B,S,0343000,0498257,0637950,0771125,0958350,ID,065,IDAHO,MADISON,,20240101,0375000,2022
15420,00000,"BURLEY, ID",203B,S,0302000,0498257,0637950,0771125,0958350,ID,067,IDAHO,MINIDOKA,,20240101,0302000,2023
30300,00000,"LEWISTON, ID-WA",203B,S,0316000,0498257,0637950,0771125,0958350,ID,069,IDAHO,NEZ PERCE,,20240101,0316000,2023
99999,00000,NON-METRO,203B,S,0308000,0498257,0637950,0771125,0958350,ID,071,IDAHO,ONEIDA,,20240101,0308000,2023
14260,00000,"BOISE CITY, ID",203B,H,0477000,0586500,0750800,0907550,1127900,ID,073,IDAHO,OWYHEE,,20230101,0510000,2022
36620,00000,"ONTARIO, OR-ID",203B,S,0325000,0498257,0637950,0771125,0958350,ID,075,IDAHO,PAYETTE,,20240101,0350000,2022
38540,00000,"POCATELLO, ID",203B,S,0300000,0498257,0637950,0771125,0958350,ID,077,IDAHO,POWER,,20240101,0315000,2022
99999,00000,NON-METRO,203B,S,0277000,0498257,0637950,0771125,0958350,ID,079,IDAHO,SHOSHONE,,20240101,0277000,2023
27220,00000,"JACKSON, WY-ID",203B,H,1573000,1149825,1472250,1779525,2211600,ID,081,IDAHO,TETON,,20240101,1688000,2022
46300,00000,"TWIN FALLS, ID",203B,S,0322000,0498257,0637950,0771125,0958350,ID,083,IDAHO,TWIN FALLS,,20240101,0332000,2022
99999,00000,NON-METRO,203B,H,0434000,0573850,0734650,0888000,1103550,ID,085,IDAHO,VALLEY,,20230101,0499000,2022
99999,00000,NON-METRO,203B,S,0250000,0498257,0637950,0771125,0958350,ID,087,IDAHO,WASHINGTON,,20240101,0264000,2022
39500,00000,"QUINCY, IL-MO",203B,S,0137000,0498257,0637950,0771125,0958350,IL,001,ILLINOIS,ADAMS,,20240101,0139000,2021
16020,00000,"CAPE GIRARDEAU, MO-IL",203B,S,0205000,0498257,0637950,0771125,0958350,IL,003,ILLINOIS,ALEXANDER,,20240101,0205000,2023
41180,00000,"ST. LOUIS, MO-IL",203B,S,0350000,0498257,0637950,0771125,0958350,IL,005,ILLINOIS,BOND,,20240101,0350000,2023
40420,00000,"ROCKFORD, IL",203B,S,0206000,0498257,0637950,0771125,0958350,IL,007,ILLINOIS,BOONE,,20240101,0295000,2008
99999,00000,NON-METRO,203B,S,0073000,0498257,0637950,0771125,0958350,IL,009,ILLINOIS,BROWN,,20240101,0092000,2018
36837,00000,"OTTAWA, IL",203B,S,0320000,0498257,0637950,0771125,0958350,IL,011,ILLINOIS,BUREAU,,20240101,0320000,2023
41180,00000,"ST. LOUIS, MO-IL",203B,S,0350000,0498257,0637950,0771125,0958350,IL,013,ILLINOIS,CALHOUN,,20240101,0350000,2023
99999,00000,NON-METRO,203B,S,0087000,0498257,0637950,0771125,0958350,IL,015,ILLINOIS,CARROLL,,20240101,0100000,2009
99999,00000,NON-METRO,203B,S,0070000,0498257,0637950,0771125,0958350,IL,017,ILLINOIS,CASS,,20240101,0102000,2022
16580,00000,"CHAMPAIGN-URBANA, IL",203B,S,0190000,0498257,0637950,0771125,0958350,IL,019,ILLINOIS,CHAMPAIGN,,20240101,0190000,2022
45380,00000,"TAYLORVILLE, IL",203B,S,0083000,0498257,0637950,0771125,0958350,IL,021,ILLINOIS,CHRISTIAN,,20240101,0087000,2009
99999,00000,NON-METRO,203B,S,0087000,0498257,0637950,0771125,0958350,IL,023,ILLINOIS,CLARK,,20240101,0097000,2022
99999,00000,NON-METRO,203B,S,0077000,0498257,0637950,0771125,0958350,IL,025,ILLINOIS,CLAY,,20240101,0085000,2009
41180,00000,"ST. LOUIS, MO-IL",203B,S,0350000,0498257,0637950,0771125,0958350,IL,027,ILLINOIS,CLINTON,,20240101,0350000,2023
16660,00000,"CHARLESTON-MATTOON, IL",203B,S,0120000,0498257,0637950,0771125,0958350,IL,029,ILLINOIS,COLES,,20240101,0129000,2022
16980,16984,"CHICAGO-NAPERVILLE-ELGIN, IL-IN-WI",203B,S,0400000,0498257,0637950,0771125,0958350,IL,031,ILLINOIS,COOK,,20240101,0400000,2023
99999,00000,NON-METRO,203B,S,0082000,0498257,0637950,0771125,0958350,IL,033,ILLINOIS,CRAWFORD,,20240101,0082000,2023
16660,00000,"CHARLESTON-MATTOON, IL",203B,S,0120000,0498257,0637950,0771125,0958350,IL,035,ILLINOIS,CUMBERLAND,,20240101,0129000,2022
16980,20994,"CHICAGO-NAPERVILLE-ELGIN, IL-IN-WI",203B,S,0400000,0498257,0637950,0771125,0958350,IL,037,ILLINOIS,DEKALB,,20240101,0400000,2023
99999,00000,NON-METRO,203B,S,0091000,0498257,0637950,0771125,0958350,IL,039,ILLINOIS,DE WITT,,20240101,0112000,2009
99999,00000,NON-METRO,203B,S,0095000,0498257,0637950,0771125,0958350,IL,041,ILLINOIS,DOUGLAS,,20240101,0151000,2022
16980,16984,"CHICAGO-NAPERVILLE-ELGIN, IL-IN-WI",203B,S,0400000,0498257,0637950,0771125,0958350,IL,043,ILLINOIS,DUPAGE,,20240101,0400000,2023
99999,00000,NON-METRO,203B,S,0049000,0498257,0637950,0771125,0958350,IL,045,ILLINOIS,EDGAR,,20240101,0104000,2022
99999,00000,NON-METRO,203B,S,0060000,0498257,0637950,0771125,0958350,IL,047,ILLINOIS,EDWARDS,,20240101,0075000,2017
20820,00000,"EFFINGHAM, IL",203B,S,0135000,0498257,0637950,0771125,0958350,IL,049,ILLINOIS,EFFINGHAM,,20240101,0135000,2021
99999,00000,NON-METRO,203B,S,0078000,0498257,0637950,0771125,0958350,IL,051,ILLINOIS,FAYETTE,,20240101,0089000,2017
99999,00000,NON-METRO,203B,S,0107000,0498257,0637950,0771125,0958350,IL,053,ILLINOIS,FORD,,20240101,0114000,2008
99999,00000,NON-METRO,203B,S,0101000,0498257,0637950,0771125,0958350,IL,055,ILLINOIS,FRANKLIN,,20240101,0101000,2023
37900,00000,"PEORIA, IL",203B,S,0150000,0498257,0637950,0771125,0958350,IL,057,ILLINOIS,FULTON,,20240101,0150000,2012
99999,00000,NON-METRO,203B,S,0074000,0498257,0637950,0771125,0958350,IL,059,ILLINOIS,GALLATIN,,20240101,0074000,2023
99999,00000,NON-METRO,203B,S,0108000,0498257,0637950,0771125,0958350,IL,061,ILLINOIS,GREENE,,20240101,0108000,2023
16980,16984,"CHICAGO-NAPERVILLE-ELGIN, IL-IN-WI",203B,S,0400000,0498257,0637950,0771125,0958350,IL,063,ILLINOIS,GRUNDY,,20240101,0400000,2023
99999,00000,NON-METRO,203B,S,0040000,0498257,0637950,0771125,0958350,IL,065,ILLINOIS,HAMILTON,,20240101,0099000,2018
22800,00000,"FORT MADISON-KEOKUK, IA-IL-MO",203B,S,0113000,0498257,0637950,0771125,0958350,IL,067,ILLINOIS,HANCOCK,,20240101,0113000,2023
99999,00000,NON-METRO,203B,S,0033000,0498257,0637950,0771125,0958350,IL,069,ILLINOIS,HARDIN,,20240101,0079000,2020
15460,00000,"BURLINGTON, IA-IL",203B,S,0188000,0498257,0637950,0771125,0958350,IL,071,ILLINOIS,HENDERSON,,20240101,0189000,2022
19340,00000,"DAVENPORT-MOLINE-ROCK ISLAND, IA-IL",203B,S,0195000,0498257,0637950,0771125,0958350,IL,073,ILLINOIS,HENRY,,20240101,0195000,2023
99999,00000,NON-METRO,203B,S,0103000,0498257,0637950,0771125,0958350,IL,075,ILLINOIS,IROQUOIS,,20240101,0111000,2009
16060,00000,"CARBONDALE-MARION, IL",203B,S,0146000,0498257,0637950,0771125,0958350,IL,077,ILLINOIS,JACKSON,,20240101,0146000,2023
99999,00000,NON-METRO,203B,S,0079000,0498257,0637950,0771125,0958350,IL,079,ILLINOIS,JASPER,,20240101,0118000,2016
34500,00000,"MOUNT VERNON, IL",203B,S,0090000,0498257,0637950,0771125,0958350,IL,081,ILLINOIS,JEFFERSON,,20240101,0093000,2009
41180,00000,"ST. LOUIS, MO-IL",203B,S,0350000,0498257,0637950,0771125,0958350,IL,083,ILLINOIS,JERSEY,,20240101,0350000,2023
99999,00000,NON-METRO,203B,S,0200000,0498257,0637950,0771125,0958350,IL,085,ILLINOIS,JO DAVIESS,,20240101,0200000,2023
16060,00000,"CARBONDALE-MARION, IL",203B,S,0146000,0498257,0637950,0771125,0958350,IL,087,ILLINOIS,JOHNSON,,20240101,0146000,2023
16980,20994,"CHICAGO-NAPERVILLE-ELGIN, IL-IN-WI",203B,S,0400000,0498257,0637950,0771125,0958350,IL,089,ILLINOIS,KANE,,20240101,0400000,2023
28100,00000,"KANKAKEE, IL",203B,S,0150000,0498257,0637950,0771125,0958350,IL,091,ILLINOIS,KANKAKEE,,20240101,0153000,2008
16980,20994,"CHICAGO-NAPERVILLE-ELGIN, IL-IN-WI",203B,S,0400000,0498257,0637950,0771125,0958350,IL,093,ILLINOIS,KENDALL,,20240101,0400000,2023
23660,00000,"GALESBURG, IL",203B,S,0091000,0498257,0637950,0771125,0958350,IL,095,ILLINOIS,KNOX,,20240101,0091000,2023
16980,29404,"CHICAGO-NAPERVILLE-ELGIN, IL-IN-WI",203B,S,0400000,0498257,0637950,0771125,0958350,IL,097,ILLINOIS,LAKE,,20240101,0400000,2023
36837,00000,"OTTAWA, IL",203B,S,0320000,0498257,0637950,0771125,0958350,IL,099,ILLINOIS,LASALLE,,20240101,0320000,2023
99999,00000,NON-METRO,203B,S,0055000,0498257,0637950,0771125,0958350,IL,101,ILLINOIS,LAWRENCE,,20240101,0089000,2021
19940,00000,"DIXON, IL",203B,S,0120000,0498257,0637950,0771125,0958350,IL,103,ILLINOIS,LEE,,20240101,0120000,2023
38700,00000,"PONTIAC, IL",203B,S,0110000,0498257,0637950,0771125,0958350,IL,105,ILLINOIS,LIVINGSTON,,20240101,0116000,2018
30660,00000,"LINCOLN, IL",203B,S,0096000,0498257,0637950,0771125,0958350,IL,107,ILLINOIS,LOGAN,,20240101,0109000,2022
31380,00000,"MACOMB, IL",203B,S,0074000,0498257,0637950,0771125,0958350,IL,109,ILLINOIS,MCDONOUGH,,20240101,0100000,2017
16980,16984,"CHICAGO-NAPERVILLE-ELGIN, IL-IN-WI",203B,S,0400000,0498257,0637950,0771125,0958350,IL,111,ILLINOIS,MCHENRY,,20240101,0400000,2023
14010,00000,"BLOOMINGTON, IL",203B,S,0200000,0498257,0637950,0771125,0958350,IL,113,ILLINOIS,MCLEAN,,20240101,0200000,2023
19500,00000,"DECATUR, IL",203B,S,0109000,0498257,0637950,0771125,0958350,IL,115,ILLINOIS,MACON,,20240101,0109000,2023
41180,00000,"ST. LOUIS, MO-IL",203B,S,0350000,0498257,0637950,0771125,0958350,IL,117,ILLINOIS,MACOUPIN,,20240101,0350000,2023
41180,00000,"ST. LOUIS, MO-IL",203B,S,0350000,0498257,0637950,0771125,0958350,IL,119,ILLINOIS,MADISON,,20240101,0350000,2023
16460,00000,"CENTRALIA, IL",203B,S,0072000,0498257,0637950,0771125,0958350,IL,121,ILLINOIS,MARION,,20240101,0075000,2022
37900,00000,"PEORIA, IL",203B,S,0150000,0498257,0637950,0771125,0958350,IL,123,ILLINOIS,MARSHALL,,20240101,0150000,2012
99999,00000,NON-METRO,203B,S,0072000,0498257,0637950,0771125,0958350,IL,125,ILLINOIS,MASON,,20240101,0087000,2018
37140,00000,"PADUCAH, KY-IL",203B,S,0153000,0498257,0637950,0771125,0958350,IL,127,ILLINOIS,MASSAC,,20240101,0163000,2019
44100,00000,"SPRINGFIELD, IL",203B,S,0140000,0498257,0637950,0771125,0958350,IL,129,ILLINOIS,MENARD,,20240101,0142000,2020
19340,00000,"DAVENPORT-MOLINE-ROCK ISLAND, IA-IL",203B,S,0195000,0498257,0637950,0771125,0958350,IL,131,ILLINOIS,MERCER,,20240101,0195000,2023
41180,00000,"ST. LOUIS, MO-IL",203B,S,0350000,0498257,0637950,0771125,0958350,IL,133,ILLINOIS,MONROE,,20240101,0350000,2023
99999,00000,NON-METRO,203B,S,0080000,0498257,0637950,0771125,0958350,IL,135,ILLINOIS,MONTGOMERY,,20240101,0082000,2022
27300,00000,"JACKSONVILLE, IL",203B,S,0105000,0498257,0637950,0771125,0958350,IL,137,ILLINOIS,MORGAN,,20240101,0238000,2017
99999,00000,NON-METRO,203B,S,0097000,0498257,0637950,0771125,0958350,IL,139,ILLINOIS,MOULTRIE,,20240101,0110000,2009
40300,00000,"ROCHELLE, IL",203B,S,0152000,0498257,0637950,0771125,0958350,IL,141,ILLINOIS,OGLE,,20240101,0152000,2023
37900,00000,"PEORIA, IL",203B,S,0150000,0498257,0637950,0771125,0958350,IL,143,ILLINOIS,PEORIA,,20240101,0150000,2012
99999,00000,NON-METRO,203B,S,0078000,0498257,0637950,0771125,0958350,IL,145,ILLINOIS,PERRY,,20240101,0084000,2009
16580,00000,"CHAMPAIGN-URBANA, IL",203B,S,0190000,0498257,0637950,0771125,0958350,IL,147,ILLINOIS,PIATT,,20240101,0190000,2022
99999,00000,NON-METRO,203B,S,0094000,0498257,0637950,0771125,0958350,IL,149,ILLINOIS,PIKE,,20240101,0105000,2022
99999,00000,NON-METRO,203B,S,0044000,0498257,0637950,0771125,0958350,IL,151,ILLINOIS,POPE,,20240101,0142000,2016
99999,00000,NON-METRO,203B,S,0084000,0498257,0637950,0771125,0958350,IL,153,ILLINOIS,PULASKI,,20240101,0084000,2023
36837,00000,"OTTAWA, IL",203B,S,0320000,0498257,0637950,0771125,0958350,IL,155,ILLINOIS,PUTNAM,,20240101,0320000,2023
99999,00000,NON-METRO,203B,S,0093000,0498257,0637950,0771125,0958350,IL,157,ILLINOIS,RANDOLPH,,20240101,0093000,2022
99999,00000,NON-METRO,203B,S,0115000,0498257,0637950,0771125,0958350,IL,159,ILLINOIS,RICHLAND,,20240101,0115000,2023
19340,00000,"DAVENPORT-MOLINE-ROCK ISLAND, IA-IL",203B,S,0195000,0498257,0637950,0771125,0958350,IL,161,ILLINOIS,ROCK ISLAND,,20240101,0195000,2023
41180,00000,"ST. LOUIS, MO-IL",203B,S,0350000,0498257,0637950,0771125,0958350,IL,163,ILLINOIS,ST. CLAIR,,20240101,0350000,2023
99999,00000,NON-METRO,203B,S,0058000,0498257,0637950,0771125,0958350,IL,165,ILLINOIS,SALINE,,20240101,0065000,2008
44100,00000,"SPRINGFIELD, IL",203B,S,0140000,0498257,0637950,0771125,0958350,IL,167,ILLINOIS,SANGAMON,,20240101,0142000,2020
99999,00000,NON-METRO,203B,S,0082000,0498257,0637950,0771125,0958350,IL,169,ILLINOIS,SCHUYLER,,20240101,0090000,2019
27300,00000,"JACKSONVILLE, IL",203B,S,0105000,0498257,0637950,0771125,0958350,IL,171,ILLINOIS,SCOTT,,20240101,0238000,2017
99999,00000,NON-METRO,203B,S,0095000,0498257,0637950,0771125,0958350,IL,173,ILLINOIS,SHELBY,,20240101,0102000,2009
37900,00000,"PEORIA, IL",203B,S,0150000,0498257,0637950,0771125,0958350,IL,175,ILLINOIS,STARK,,20240101,0150000,2012
23300,00000,"FREEPORT, IL",203B,S,0133000,0498257,0637950,0771125,0958350,IL,177,ILLINOIS,STEPHENSON,,20240101,0133000,2023
37900,00000,"PEORIA, IL",203B,S,0150000,0498257,0637950,0771125,0958350,IL,179,ILLINOIS,TAZEWELL,,20240101,0150000,2012
99999,00000,NON-METRO,203B,S,0140000,0498257,0637950,0771125,0958350,IL,181,ILLINOIS,UNION,,20240101,0140000,2023
19180,00000,"DANVILLE, IL",203B,S,0075000,0498257,0637950,0771125,0958350,IL,183,ILLINOIS,VERMILION,,20240101,0075000,2008
99999,00000,NON-METRO,203B,S,0102000,0498257,0637950,0771125,0958350,IL,185,ILLINOIS,WABASH,,20240101,0102000,2023
99999,00000,NON-METRO,203B,S,0087000,0498257,0637950,0771125,0958350,IL,187,ILLINOIS,WARREN,,20240101,0090000,2009
99999,00000,NON-METRO,203B,S,0120000,0498257,0637950,0771125,0958350,IL,189,ILLINOIS,WASHINGTON,,20240101,0120000,2020
99999,00000,NON-METRO,203B,S,0066000,0498257,0637950,0771125,0958350,IL,191,ILLINOIS,WAYNE,,20240101,0076000,2009
99999,00000,NON-METRO,203B,S,0074000,0498257,0637950,0771125,0958350,IL,193,ILLINOIS,WHITE,,20240101,0075000,2015
44580,00000,"STERLING, IL",203B,S,0100000,0498257,0637950,0771125,0958350,IL,195,ILLINOIS,WHITESIDE,,20240101,0114000,2009
16980,16984,"CHICAGO-NAPERVILLE-ELGIN, IL-IN-WI",203B,S,0400000,0498257,0637950,0771125,0958350,IL,197,ILLINOIS,WILL,,20240101,0400000,2023
16060,00000,"CARBONDALE-MARION, IL",203B,S,0146000,0498257,0637950,0771125,0958350,IL,199,ILLINOIS,WILLIAMSON,,20240101,0146000,2023
40420,00000,"ROCKFORD, IL",203B,S,0206000,0498257,0637950,0771125,0958350,IL,201,ILLINOIS,WINNEBAGO,,20240101,0295000,2008
37900,00000,"PEORIA, IL",203B,S,0150000,0498257,0637950,0771125,0958350,IL,203,ILLINOIS,WOODFORD,,20240101,0150000,2012
19540,00000,"DECATUR, IN",203B,S,0163000,0498257,0637950,0771125,0958350,IN,001,INDIANA,ADAMS,,20240101,0173000,2022
23060,00000,"FORT WAYNE, IN",203B,S,0243000,0498257,0637950,0771125,0958350,IN,003,INDIANA,ALLEN,,20240101,0243000,2023
