msa-code,metro-code,metro-name,program,limit-type,median-price,limit-1-unit,limit-2-units,limit-3-units,limit-4-units,state,county-fips,state-name,county-name,county-transaction-date,limit-transaction-date,median-price-determining-limit,year-for-median-determining-limit
,,,ZZGSE,S,,1209750,1548975,1872225,2326875,,,,,,20241120,,
,,,GSE,S,,0806500,1032650,1248150,1551250,,,,,,20250101,,
99999,00000,NON-METRO,GSE,H,0221000,1209750,1548975,1872225,2326875,AK,013,ALASKA,ALEUTIANS EAST,,20250101,0221000,2024
99999,00000,NON-METRO,GSE,H,0509000,1209750,1548975,1872225,2326875,AK,016,ALASKA,ALEUTIANS WEST,,20250101,0509000,2024
11260,00000,"ANCHORAGE, AK",GSE,H,0430000,1209750,1548975,1872225,2326875,AK,020,ALASKA,ANCHORAGE MUNIC,,20250101,0430000,2024
99999,00000,NON-METRO,GSE,H,0163000,1209750,1548975,1872225,2326875,AK,050,ALASKA,BETHEL CENSUS A,,20250101,0208000,2015
99999,00000,NON-METRO,GSE,H,0341000,1209750,1548975,1872225,2326875,AK,060,ALASKA,BRISTOL BAY BOR,,20250101,0345000,2023
99999,00000,NON-METRO,GSE,H,0299000,1209750,1548975,1872225,2326875,AK,063,ALASKA,CHUGACH CENSUS,,20250101,0320000,2022
99999,00000,NON-METRO,GSE,H,0299000,1209750,1548975,1872225,2326875,AK,066,ALASKA,COPPER RIVER CE,,20250101,0320000,2022
99999,00000,NON-METRO,GSE,H,0306000,1209750,1548975,1872225,2326875,AK,068,ALASKA,DENALI BOROUGH,,20250101,0306000,2024
99999,00000,NON-METRO,GSE,H,0260000,1209750,1548975,1872225,2326875,AK,070,ALASKA,DILLINGHAM CENS,,20250101,0260000,2024
21820,00000,"FAIRBANKS, AK",GSE,H,0315000,1209750,1548975,1872225,2326875,AK,090,ALASKA,FAIRBANKS NORTH,,20250101,0315000,2024
99999,00000,NON-METRO,GSE,H,0269000,1209750,1548975,1872225,2326875,AK,100,ALASKA,HAINES BOROUGH,,20250101,0282000,2023
99999,00000,NON-METRO,GSE,H,0454000,1209750,1548975,1872225,2326875,AK,105,ALASKA,HOONAH-ANGOON C,,20250101,0456000,2022
27940,00000,"JUNEAU, AK",GSE,H,0476000,1209750,1548975,1872225,2326875,AK,110,ALASKA,JUNEAU CITY AND,,20250101,0481000,2023
99999,00000,NON-METRO,GSE,H,0316000,1209750,1548975,1872225,2326875,AK,122,ALASKA,KENAI PENINSULA,,20250101,0316000,2024
28540,00000,"KETCHIKAN, AK",GSE,H,0406000,1209750,1548975,1872225,2326875,AK,130,ALASKA,KETCHIKAN GATEW,,20250101,0422000,2022
99999,00000,NON-METRO,GSE,H,0471000,1209750,1548975,1872225,2326875,AK,150,ALASKA,KODIAK ISLAND B,,20250101,0471000,2024
99999,00000,NON-METRO,GSE,H,0111000,1209750,1548975,1872225,2326875,AK,158,ALASKA,KUSILVAK CENSUS,,20250101,0161000,2013
99999,00000,NON-METRO,GSE,H,0225000,1209750,1548975,1872225,2326875,AK,164,ALASKA,LAKE AND PENINS,,20250101,0225000,2024
11260,00000,"ANCHORAGE, AK",GSE,H,0430000,1209750,1548975,1872225,2326875,AK,170,ALASKA,MATANUSKA-SUSIT,,20250101,0430000,2024
99999,00000,NON-METRO,GSE,H,0368000,1209750,1548975,1872225,2326875,AK,180,ALASKA,NOME CENSUS ARE,,20250101,0383000,2020
99999,00000,NON-METRO,GSE,H,0193000,1209750,1548975,1872225,2326875,AK,185,ALASKA,NORTH SLOPE BOR,,20250101,0289000,2013
99999,00000,NON-METRO,GSE,H,0228000,1209750,1548975,1872225,2326875,AK,188,ALASKA,NORTHWEST ARCTI,,20250101,0228000,2024
99999,00000,NON-METRO,GSE,H,0350000,1209750,1548975,1872225,2326875,AK,195,ALASKA,PETERSBURG CENS,,20250101,0350000,2024
99999,00000,NON-METRO,GSE,H,0297000,1209750,1548975,1872225,2326875,AK,198,ALASKA,PRINCE OF WALES,,20250101,0297000,2024
99999,00000,NON-METRO,GSE,S,0208000,0625500,0800775,0967950,1202925,AK,201,ALASKA,PRINCE OF WALES,,20080305,0208000,2009
99999,00000,NON-METRO,GSE,H,0491000,1209750,1548975,1872225,2326875,AK,220,ALASKA,SITKA CITY AND,,20250101,0510000,2022
99999,00000,NON-METRO,GSE,H,0454000,1209750,1548975,1872225,2326875,AK,230,ALASKA,SKAGWAY MUNICIP,,20250101,0456000,2022
99999,00000,NON-METRO,GSE,S,0182000,0625500,0800775,0967950,1202925,AK,232,ALASKA,SKAGWAY-HOONAH,,20080305,0182000,2009
99999,00000,NON-METRO,GSE,H,0299000,1209750,1548975,1872225,2326875,AK,240,ALASKA,SOUTHEAST FAIRB,,20250101,0299000,2024
99999,00000,NON-METRO,GSE,H,0248000,0970800,1243050,1502475,1867275,AK,261,ALASKA,VALDEZ-CORDOVA,,20220101,0281000,2019
99999,00000,NON-METRO,GSE,H,0350000,1209750,1548975,1872225,2326875,AK,275,ALASKA,WRANGELL CITY A,,20250101,0350000,2024
99999,00000,NON-METRO,GSE,S,0267000,0625500,0800775,0967950,1202925,AK,280,ALASKA,WRANGELL-PETERS,,20080305,0267000,2009
99999,00000,NON-METRO,GSE,H,0236000,1209750,1548975,1872225,2326875,AK,282,ALASKA,YAKUTAT CITY AN,,20250101,0366000,2013
99999,00000,NON-METRO,GSE,H,0117000,1209750,1548975,1872225,2326875,AK,290,ALASKA,YUKON-KOYUKUK C,,20250101,0117000,2015
33860,00000,"MONTGOMERY, AL",GSE,S,0199000,0806500,1032650,1248150,1551250,AL,001,ALABAMA,AUTAUGA,,20250101,0199000,2024
19300,00000,"DAPHNE-FAIRHOPE-FOLEY, AL",GSE,S,0300000,0806500,1032650,1248150,1551250,AL,003,ALABAMA,BALDWIN,,20250101,0300000,2024
21640,00000,"EUFAULA, AL-GA",GSE,S,0143000,0806500,1032650,1248150,1551250,AL,005,ALABAMA,BARBOUR,,20250101,0143000,2024
13820,00000,"BIRMINGHAM-HOOVER, AL",GSE,S,0295000,0806500,1032650,1248150,1551250,AL,007,ALABAMA,BIBB,,20250101,0299000,2023
13820,00000,"BIRMINGHAM-HOOVER, AL",GSE,S,0295000,0806500,1032650,1248150,1551250,AL,009,ALABAMA,BLOUNT,,20250101,0299000,2023
99999,00000,NON-METRO,GSE,S,0143000,0806500,1032650,1248150,1551250,AL,011,ALABAMA,BULLOCK,,20250101,0143000,2024
99999,00000,NON-METRO,GSE,S,0132000,0806500,1032650,1248150,1551250,AL,013,ALABAMA,BUTLER,,20250101,0135000,2022
11500,00000,"ANNISTON-OXFORD, AL",GSE,S,0126000,0806500,1032650,1248150,1551250,AL,015,ALABAMA,CALHOUN,,20250101,0157000,2021
29300,00000,"LAGRANGE, GA-AL",GSE,S,0207000,0806500,1032650,1248150,1551250,AL,017,ALABAMA,CHAMBERS,,20250101,0207000,2024
99999,00000,NON-METRO,GSE,S,0131000,0806500,1032650,1248150,1551250,AL,019,ALABAMA,CHEROKEE,,20250101,0141000,2020
13820,00000,"BIRMINGHAM-HOOVER, AL",GSE,S,0295000,0806500,1032650,1248150,1551250,AL,021,ALABAMA,CHILTON,,20250101,0299000,2023
99999,00000,NON-METRO,GSE,S,0141000,0806500,1032650,1248150,1551250,AL,023,ALABAMA,CHOCTAW,,20250101,0141000,2024
99999,00000,NON-METRO,GSE,S,0175000,0806500,1032650,1248150,1551250,AL,025,ALABAMA,CLARKE,,20250101,0175000,2024
99999,00000,NON-METRO,GSE,S,0050000,0806500,1032650,1248150,1551250,AL,027,ALABAMA,CLAY,,20250101,0099000,2023
99999,00000,NON-METRO,GSE,S,0150000,0806500,1032650,1248150,1551250,AL,029,ALABAMA,CLEBURNE,,20250101,0177000,2020
21460,00000,"ENTERPRISE, AL",GSE,S,0168000,0806500,1032650,1248150,1551250,AL,031,ALABAMA,COFFEE,,20250101,0170000,2023
22520,00000,"FLORENCE-MUSCLE SHOALS, AL",GSE,S,0165000,0806500,1032650,1248150,1551250,AL,033,ALABAMA,COLBERT,,20250101,0176000,2019
99999,00000,NON-METRO,GSE,S,0137000,0806500,1032650,1248150,1551250,AL,035,ALABAMA,CONECUH,,20250101,0137000,2024
10760,00000,"ALEXANDER CITY, AL",GSE,S,0268000,0806500,1032650,1248150,1551250,AL,037,ALABAMA,COOSA,,20250101,0268000,2024
99999,00000,NON-METRO,GSE,S,0100000,0806500,1032650,1248150,1551250,AL,039,ALABAMA,COVINGTON,,20250101,0103000,2022
99999,00000,NON-METRO,GSE,S,0140000,0806500,1032650,1248150,1551250,AL,041,ALABAMA,CRENSHAW,,20250101,0140000,2024
18980,00000,"CULLMAN, AL",GSE,S,0170000,0806500,1032650,1248150,1551250,AL,043,ALABAMA,CULLMAN,,20250101,0170000,2024
37120,00000,"OZARK, AL",GSE,S,0112000,0806500,1032650,1248150,1551250,AL,045,ALABAMA,DALE,,20250101,0118000,2012
42820,00000,"SELMA, AL",GSE,S,0054000,0806500,1032650,1248150,1551250,AL,047,ALABAMA,DALLAS,,20250101,0097000,2010
22840,00000,"FORT PAYNE, AL",GSE,S,0091000,0806500,1032650,1248150,1551250,AL,049,ALABAMA,DEKALB,,20250101,0146000,2019
33860,00000,"MONTGOMERY, AL",GSE,S,0199000,0806500,1032650,1248150,1551250,AL,051,ALABAMA,ELMORE,,20250101,0199000,2024
12120,00000,"ATMORE, AL",GSE,S,0170000,0806500,1032650,1248150,1551250,AL,053,ALABAMA,ESCAMBIA,,20250101,0207000,2022
23460,00000,"GADSDEN, AL",GSE,S,0199000,0806500,1032650,1248150,1551250,AL,055,ALABAMA,ETOWAH,,20250101,0199000,2024
99999,00000,NON-METRO,GSE,S,0085000,0806500,1032650,1248150,1551250,AL,057,ALABAMA,FAYETTE,,20250101,0111000,2010
99999,00000,NON-METRO,GSE,S,0091000,0806500,1032650,1248150,1551250,AL,059,ALABAMA,FRANKLIN,,20250101,0097000,2023
20020,00000,"DOTHAN, AL",GSE,S,0183000,0806500,1032650,1248150,1551250,AL,061,ALABAMA,GENEVA,,20250101,0183000,2024
46220,00000,"TUSCALOOSA, AL",GSE,S,0218000,0806500,1032650,1248150,1551250,AL,063,ALABAMA,GREENE,,20250101,0288000,2015
46220,00000,"TUSCALOOSA, AL",GSE,S,0218000,0806500,1032650,1248150,1551250,AL,065,ALABAMA,HALE,,20250101,0288000,2015
20020,00000,"DOTHAN, AL",GSE,S,0183000,0806500,1032650,1248150,1551250,AL,067,ALABAMA,HENRY,,20250101,0183000,2024
20020,00000,"DOTHAN, AL",GSE,S,0183000,0806500,1032650,1248150,1551250,AL,069,ALABAMA,HOUSTON,,20250101,0183000,2024
42460,00000,"SCOTTSBORO, AL",GSE,S,0221000,0806500,1032650,1248150,1551250,AL,071,ALABAMA,JACKSON,,20250101,0221000,2024
13820,00000,"BIRMINGHAM-HOOVER, AL",GSE,S,0295000,0806500,1032650,1248150,1551250,AL,073,ALABAMA,JEFFERSON,,20250101,0299000,2023
99999,00000,NON-METRO,GSE,S,0150000,0806500,1032650,1248150,1551250,AL,075,ALABAMA,LAMAR,,20250101,0352000,2022
22520,00000,"FLORENCE-MUSCLE SHOALS, AL",GSE,S,0165000,0806500,1032650,1248150,1551250,AL,077,ALABAMA,LAUDERDALE,,20250101,0176000,2019
19460,00000,"DECATUR, AL",GSE,S,0204000,0806500,1032650,1248150,1551250,AL,079,ALABAMA,LAWRENCE,,20250101,0204000,2024
12220,00000,"AUBURN-OPELIKA, AL",GSE,S,0314000,0806500,1032650,1248150,1551250,AL,081,ALABAMA,LEE,,20250101,0314000,2024
26620,00000,"HUNTSVILLE, AL",GSE,S,0293000,0806500,1032650,1248150,1551250,AL,083,ALABAMA,LIMESTONE,,20250101,0293000,2024
33860,00000,"MONTGOMERY, AL",GSE,S,0199000,0806500,1032650,1248150,1551250,AL,085,ALABAMA,LOWNDES,,20250101,0199000,2024
99999,00000,NON-METRO,GSE,S,0242000,0806500,1032650,1248150,1551250,AL,087,ALABAMA,MACON,,20250101,0242000,2024
26620,00000,"HUNTSVILLE, AL",GSE,S,0293000,0806500,1032650,1248150,1551250,AL,089,ALABAMA,MADISON,,20250101,0293000,2024
99999,00000,NON-METRO,GSE,S,0137000,0806500,1032650,1248150,1551250,AL,091,ALABAMA,MARENGO,,20250101,0137000,2024
99999,00000,NON-METRO,GSE,S,0198000,0806500,1032650,1248150,1551250,AL,093,ALABAMA,MARION,,20250101,0198000,2024
10700,00000,"ALBERTVILLE, AL",GSE,S,0160000,0806500,1032650,1248150,1551250,AL,095,ALABAMA,MARSHALL,,20250101,0160000,2024
33660,00000,"MOBILE, AL",GSE,S,0189000,0806500,1032650,1248150,1551250,AL,097,ALABAMA,MOBILE,,20250101,0189000,2024
99999,00000,NON-METRO,GSE,S,0078000,0806500,1032650,1248150,1551250,AL,099,ALABAMA,MONROE,,20250101,0107000,2010
33860,00000,"MONTGOMERY, AL",GSE,S,0199000,0806500,1032650,1248150,1551250,AL,101,ALABAMA,MONTGOMERY,,20250101,0199000,2024
19460,00000,"DECATUR, AL",GSE,S,0204000,0806500,1032650,1248150,1551250,AL,103,ALABAMA,MORGAN,,20250101,0204000,2024
99999,00000,NON-METRO,GSE,S,0114000,0806500,1032650,1248150,1551250,AL,105,ALABAMA,PERRY,,20250101,0123000,2023
46220,00000,"TUSCALOOSA, AL",GSE,S,0218000,0806500,1032650,1248150,1551250,AL,107,ALABAMA,PICKENS,,20250101,0288000,2015
45980,00000,"TROY, AL",GSE,S,0150000,0806500,1032650,1248150,1551250,AL,109,ALABAMA,PIKE,,20250101,0150000,2024
99999,00000,NON-METRO,GSE,S,0215000,0806500,1032650,1248150,1551250,AL,111,ALABAMA,RANDOLPH,,20250101,0275000,2023
17980,00000,"COLUMBUS, GA-AL",GSE,S,0282000,0806500,1032650,1248150,1551250,AL,113,ALABAMA,RUSSELL,,20250101,0282000,2024
13820,00000,"BIRMINGHAM-HOOVER, AL",GSE,S,0295000,0806500,1032650,1248150,1551250,AL,115,ALABAMA,ST. CLAIR,,20250101,0299000,2023
13820,00000,"BIRMINGHAM-HOOVER, AL",GSE,S,0295000,0806500,1032650,1248150,1551250,AL,117,ALABAMA,SHELBY,,20250101,0299000,2023
99999,00000,NON-METRO,GSE,S,0267000,0806500,1032650,1248150,1551250,AL,119,ALABAMA,SUMTER,,20250101,0267000,2024
45180,00000,"TALLADEGA-SYLACAUGA, AL",GSE,S,0110000,0806500,1032650,1248150,1551250,AL,121,ALABAMA,TALLADEGA,,20250101,0158000,2009
10760,00000,"ALEXANDER CITY, AL",GSE,S,0268000,0806500,1032650,1248150,1551250,AL,123,ALABAMA,TALLAPOOSA,,20250101,0268000,2024
46220,00000,"TUSCALOOSA, AL",GSE,S,0218000,0806500,1032650,1248150,1551250,AL,125,ALABAMA,TUSCALOOSA,,20250101,0288000,2015
27530,00000,"JASPER, AL",GSE,S,0075000,0806500,1032650,1248150,1551250,AL,127,ALABAMA,WALKER,,20250101,0086000,2008
33660,00000,"MOBILE, AL",GSE,S,0189000,0806500,1032650,1248150,1551250,AL,129,ALABAMA,WASHINGTON,,20250101,0189000,2024
99999,00000,NON-METRO,GSE,S,0116000,0806500,1032650,1248150,1551250,AL,131,ALABAMA,WILCOX,,20250101,0120000,2023
99999,00000,NON-METRO,GSE,S,0109000,0806500,1032650,1248150,1551250,AL,133,ALABAMA,WINSTON,,20250101,0114000,2021
99999,00000,NON-METRO,GSE,S,0080000,0806500,1032650,1248150,1551250,AR,001,ARKANSAS,ARKANSAS,,20250101,0097000,2021
99999,00000,NON-METRO,GSE,S,0061000,0806500,1032650,1248150,1551250,AR,003,ARKANSAS,ASHLEY,,20250101,0079000,2013
34260,00000,"MOUNTAIN HOME, AR",GSE,S,0180000,0806500,1032650,1248150,1551250,AR,005,ARKANSAS,BAXTER,,20250101,0180000,2024
22220,00000,"FAYETTEVILLE-SPRINGDALE-ROGERS, AR",GSE,S,0346000,0806500,1032650,1248150,1551250,AR,007,ARKANSAS,BENTON,,20250101,0346000,2024
25460,00000,"HARRISON, AR",GSE,S,0154000,0806500,1032650,1248150,1551250,AR,009,ARKANSAS,BOONE,,20250101,0172000,2022
99999,00000,NON-METRO,GSE,S,0080000,0806500,1032650,1248150,1551250,AR,011,ARKANSAS,BRADLEY,,20250101,0080000,2024
15780,00000,"CAMDEN, AR",GSE,S,0076000,0806500,1032650,1248150,1551250,AR,013,ARKANSAS,CALHOUN,,20250101,0173000,2009
99999,00000,NON-METRO,GSE,S,0187000,0806500,1032650,1248150,1551250,AR,015,ARKANSAS,CARROLL,,20250101,0187000,2024
99999,00000,NON-METRO,GSE,S,0070000,0806500,1032650,1248150,1551250,AR,017,ARKANSAS,CHICOT,,20250101,0119000,2008
11660,00000,"ARKADELPHIA, AR",GSE,S,0140000,0806500,1032650,1248150,1551250,AR,019,ARKANSAS,CLARK,,20250101,0219000,2023
99999,00000,NON-METRO,GSE,S,0119000,0806500,1032650,1248150,1551250,AR,021,ARKANSAS,CLAY,,20250101,0119000,2024
99999,00000,NON-METRO,GSE,S,0165000,0806500,1032650,1248150,1551250,AR,023,ARKANSAS,CLEBURNE,,20250101,0165000,2024
38220,00000,"PINE BLUFF, AR",GSE,S,0147000,0806500,1032650,1248150,1551250,AR,025,ARKANSAS,CLEVELAND,,20250101,0147000,2024
31620,00000,"MAGNOLIA, AR",GSE,S,0109000,0806500,1032650,1248150,1551250,AR,027,ARKANSAS,COLUMBIA,,20250101,0149000,2023
99999,00000,NON-METRO,GSE,S,0124000,0806500,1032650,1248150,1551250,AR,029,ARKANSAS,CONWAY,,20250101,0154000,2022
27860,00000,"JONESBORO, AR",GSE,S,0190000,0806500,1032650,1248150,1551250,AR,031,ARKANSAS,CRAIGHEAD,,20250101,0190000,2023
22900,00000,"FORT SMITH, AR-OK",GSE,S,0175000,0806500,1032650,1248150,1551250,AR,033,ARKANSAS,CRAWFORD,,20250101,0175000,2020
32820,00000,"MEMPHIS, TN-MS-AR",GSE,S,0340000,0806500,1032650,1248150,1551250,AR,035,ARKANSAS,CRITTENDEN,,20250101,0340000,2024
99999,00000,NON-METRO,GSE,S,0140000,0806500,1032650,1248150,1551250,AR,037,ARKANSAS,CROSS,,20250101,0140000,2024
99999,00000,NON-METRO,GSE,S,0059000,0806500,1032650,1248150,1551250,AR,039,ARKANSAS,DALLAS,,20250101,0083000,2008
99999,00000,NON-METRO,GSE,S,0059000,0806500,1032650,1248150,1551250,AR,041,ARKANSAS,DESHA,,20250101,0078000,2022
99999,00000,NON-METRO,GSE,S,0150000,0806500,1032650,1248150,1551250,AR,043,ARKANSAS,DREW,,20250101,0150000,2024
30780,00000,"LITTLE ROCK-NORTH LITTLE ROCK-CONWAY, AR",GSE,S,0225000,0806500,1032650,1248150,1551250,AR,045,ARKANSAS,FAULKNER,,20250101,0225000,2024
22900,00000,"FORT SMITH, AR-OK",GSE,S,0175000,0806500,1032650,1248150,1551250,AR,047,ARKANSAS,FRANKLIN,,20250101,0175000,2020
99999,00000,NON-METRO,GSE,S,0139000,0806500,1032650,1248150,1551250,AR,049,ARKANSAS,FULTON,,20250101,0139000,2024
26300,00000,"HOT SPRINGS, AR",GSE,S,0190000,0806500,1032650,1248150,1551250,AR,051,ARKANSAS,GARLAND,,20250101,0190000,2024
30780,00000,"LITTLE ROCK-NORTH LITTLE ROCK-CONWAY, AR",GSE,S,0225000,0806500,1032650,1248150,1551250,AR,053,ARKANSAS,GRANT,,20250101,0225000,2024
37500,00000,"PARAGOULD, AR",GSE,S,0135000,0806500,1032650,1248150,1551250,AR,055,ARKANSAS,GREENE,,20250101,0140000,2022
26260,00000,"HOPE, AR",GSE,S,0229000,0806500,1032650,1248150,1551250,AR,057,ARKANSAS,HEMPSTEAD,,20250101,0229000,2024
31680,00000,"MALVERN, AR",GSE,S,0132000,0806500,1032650,1248150,1551250,AR,059,ARKANSAS,HOT SPRING,,20250101,0139000,2022
99999,00000,NON-METRO,GSE,S,0122000,0806500,1032650,1248150,1551250,AR,061,ARKANSAS,HOWARD,,20250101,0122000,2024
12900,00000,"BATESVILLE, AR",GSE,S,0120000,0806500,1032650,1248150,1551250,AR,063,ARKANSAS,INDEPENDENCE,,20250101,0120000,2024
99999,00000,NON-METRO,GSE,S,0104000,0806500,1032650,1248150,1551250,AR,065,ARKANSAS,IZARD,,20250101,0106000,2023
99999,00000,NON-METRO,GSE,S,0140000,0806500,1032650,1248150,1551250,AR,067,ARKANSAS,JACKSON,,20250101,0140000,2024
38220,00000,"PINE BLUFF, AR",GSE,S,0147000,0806500,1032650,1248150,1551250,AR,069,ARKANSAS,JEFFERSON,,20250101,0147000,2024
99999,00000,NON-METRO,GSE,S,0130000,0806500,1032650,1248150,1551250,AR,071,ARKANSAS,JOHNSON,,20250101,0146000,2022
99999,00000,NON-METRO,GSE,S,0075000,0806500,1032650,1248150,1551250,AR,073,ARKANSAS,LAFAYETTE,,20250101,0080000,2022
99999,00000,NON-METRO,GSE,S,0074000,0806500,1032650,1248150,1551250,AR,075,ARKANSAS,LAWRENCE,,20250101,0074000,2024
99999,00000,NON-METRO,GSE,S,0112000,0806500,1032650,1248150,1551250,AR,077,ARKANSAS,LEE,,20250101,0122000,2020
38220,00000,"PINE BLUFF, AR",GSE,S,0147000,0806500,1032650,1248150,1551250,AR,079,ARKANSAS,LINCOLN,,20250101,0147000,2024
45500,00000,"TEXARKANA, TX-AR",GSE,S,0175000,0806500,1032650,1248150,1551250,AR,081,ARKANSAS,LITTLE RIVER,,20250101,0176000,2022
99999,00000,NON-METRO,GSE,S,0102000,0806500,1032650,1248150,1551250,AR,083,ARKANSAS,LOGAN,,20250101,0146000,2022
30780,00000,"LITTLE ROCK-NORTH LITTLE ROCK-CONWAY, AR",GSE,S,0225000,0806500,1032650,1248150,1551250,AR,085,ARKANSAS,LONOKE,,20250101,0225000,2024
22220,00000,"FAYETTEVILLE-SPRINGDALE-ROGERS, AR",GSE,S,0346000,0806500,1032650,1248150,1551250,AR,087,ARKANSAS,MADISON,,20250101,0346000,2024
99999,00000,NON-METRO,GSE,S,0204000,0806500,1032650,1248150,1551250,AR,089,ARKANSAS,MARION,,20250101,0204000,2024
45500,00000,"TEXARKANA, TX-AR",GSE,S,0175000,0806500,1032650,1248150,1551250,AR,091,ARKANSAS,MILLER,,20250101,0176000,2022
14180,00000,"BLYTHEVILLE, AR",GSE,S,0075000,0806500,1032650,1248150,1551250,AR,093,ARKANSAS,MISSISSIPPI,,20250101,0108000,2019
99999,00000,NON-METRO,GSE,S,0038000,0806500,1032650,1248150,1551250,AR,095,ARKANSAS,MONROE,,20250101,0112000,2022
99999,00000,NON-METRO,GSE,S,0130000,0806500,1032650,1248150,1551250,AR,097,ARKANSAS,MONTGOMERY,,20250101,0163000,2023
26260,00000,"HOPE, AR",GSE,S,0229000,0806500,1032650,1248150,1551250,AR,099,ARKANSAS,NEVADA,,20250101,0229000,2024
25460,00000,"HARRISON, AR",GSE,S,0154000,0806500,1032650,1248150,1551250,AR,101,ARKANSAS,NEWTON,,20250101,0172000,2022
15780,00000,"CAMDEN, AR",GSE,S,0076000,0806500,1032650,1248150,1551250,AR,103,ARKANSAS,OUACHITA,,20250101,0173000,2009
30780,00000,"LITTLE ROCK-NORTH LITTLE ROCK-CONWAY, AR",GSE,S,0225000,0806500,1032650,1248150,1551250,AR,105,ARKANSAS,PERRY,,20250101,0225000,2024
25760,00000,"HELENA-WEST HELENA, AR",GSE,S,0055000,0806500,1032650,1248150,1551250,AR,107,ARKANSAS,PHILLIPS,,20250101,0065000,2013
99999,00000,NON-METRO,GSE,S,0127000,0806500,1032650,1248150,1551250,AR,109,ARKANSAS,PIKE,,20250101,0149000,2020
27860,00000,"JONESBORO, AR",GSE,S,0190000,0806500,1032650,1248150,1551250,AR,111,ARKANSAS,POINSETT,,20250101,0190000,2023
99999,00000,NON-METRO,GSE,S,0113000,0806500,1032650,1248150,1551250,AR,113,ARKANSAS,POLK,,20250101,0113000,2024
40780,00000,"RUSSELLVILLE, AR",GSE,S,0171000,0806500,1032650,1248150,1551250,AR,115,ARKANSAS,POPE,,20250101,0171000,2024
99999,00000,NON-METRO,GSE,S,0060000,0806500,1032650,1248150,1551250,AR,117,ARKANSAS,PRAIRIE,,20250101,0100000,2022
30780,00000,"LITTLE ROCK-NORTH LITTLE ROCK-CONWAY, AR",GSE,S,0225000,0806500,1032650,1248150,1551250,AR,119,ARKANSAS,PULASKI,,20250101,0225000,2024
99999,00000,NON-METRO,GSE,S,0099000,0806500,1032650,1248150,1551250,AR,121,ARKANSAS,RANDOLPH,,20250101,0110000,2022
22620,00000,"FORREST CITY, AR",GSE,S,0064000,0806500,1032650,1248150,1551250,AR,123,ARKANSAS,ST. FRANCIS,,20250101,0068000,2022
30780,00000,"LITTLE ROCK-NORTH LITTLE ROCK-CONWAY, AR",GSE,S,0225000,0806500,1032650,1248150,1551250,AR,125,ARKANSAS,SALINE,,20250101,0225000,2024
99999,00000,NON-METRO,GSE,S,0077000,0806500,1032650,1248150,1551250,AR,127,ARKANSAS,SCOTT,,20250101,0089000,2022
99999,00000,NON-METRO,GSE,S,0084000,0806500,1032650,1248150,1551250,AR,129,ARKANSAS,SEARCY,,20250101,0092000,2023
22900,00000,"FORT SMITH, AR-OK",GSE,S,0175000,0806500,1032650,1248150,1551250,AR,131,ARKANSAS,SEBASTIAN,,20250101,0175000,2020
99999,00000,NON-METRO,GSE,S,0095000,0806500,1032650,1248150,1551250,AR,133,ARKANSAS,SEVIER,,20250101,0095000,2024
12900,00000,"BATESVILLE, AR",GSE,S,0120000,0806500,1032650,1248150,1551250,AR,135,ARKANSAS,SHARP,,20250101,0120000,2024
99999,00000,NON-METRO,GSE,S,0110000,0806500,1032650,1248150,1551250,AR,137,ARKANSAS,STONE,,20250101,0184000,2022
20980,00000,"EL DORADO, AR",GSE,S,0086000,0806500,1032650,1248150,1551250,AR,139,ARKANSAS,UNION,,20250101,0115000,2009
99999,00000,NON-METRO,GSE,S,0100000,0806500,1032650,1248150,1551250,AR,141,ARKANSAS,VAN BUREN,,20250101,0101000,2023
22220,00000,"FAYETTEVILLE-SPRINGDALE-ROGERS, AR",GSE,S,0346000,0806500,1032650,1248150,1551250,AR,143,ARKANSAS,WASHINGTON,,20250101,0346000,2024
42620,00000,"SEARCY, AR",GSE,S,0159000,0806500,1032650,1248150,1551250,AR,145,ARKANSAS,WHITE,,20250101,0159000,2024
99999,00000,NON-METRO,GSE,S,0070000,0806500,1032650,1248150,1551250,AR,147,ARKANSAS,WOODRUFF,,20250101,0101000,2022
40780,00000,"RUSSELLVILLE, AR",GSE,S,0171000,0806500,1032650,1248150,1551250,AR,149,ARKANSAS,YELL,,20250101,0171000,2024
99999,00000,NON-METRO,GSE,S,0101000,0806500,1032650,1248150,1551250,AS,010,AMERICAN SAMOA,EASTERN DISTRIC,,20250101,0122000,2008
99999,00000,NON-METRO,GSE,S,0130000,0806500,1032650,1248150,1551250,AS,020,AMERICAN SAMOA,MANU'A DISTRICT,,20250101,0230000,2008
99999,00000,NON-METRO,GSE,S,0128000,0806500,1032650,1248150,1551250,AS,030,AMERICAN SAMOA,ROSE ISLAND,,20250101,0128000,2008
99999,00000,NON-METRO,GSE,S,0128000,0806500,1032650,1248150,1551250,AS,040,AMERICAN SAMOA,SWAINS ISLAND,,20250101,0128000,2024
99999,00000,NON-METRO,GSE,S,0153000,0806500,1032650,1248150,1551250,AS,050,AMERICAN SAMOA,WESTERN DISTRIC,,20250101,0153000,2024
99999,00000,NON-METRO,GSE,S,0120000,0806500,1032650,1248150,1551250,AZ,001,ARIZONA,APACHE,,20250101,0150000,2008
43420,00000,"SIERRA VISTA-DOUGLAS, AZ",GSE,S,0218000,0806500,1032650,1248150,1551250,AZ,003,ARIZONA,COCHISE,,20250101,0218000,2024
22380,00000,"FLAGSTAFF, AZ",GSE,S,0490000,0806500,1032650,1248150,1551250,AZ,005,ARIZONA,COCONINO,,20250101,0490000,2024
37740,00000,"PAYSON, AZ",GSE,S,0320000,0806500,1032650,1248150,1551250,AZ,007,ARIZONA,GILA,,20250101,0320000,2024
40940,00000,"SAFFORD, AZ",GSE,S,0247000,0806500,1032650,1248150,1551250,AZ,009,ARIZONA,GRAHAM,,20250101,0247000,2024
99999,00000,NON-METRO,GSE,S,0118000,0806500,1032650,1248150,1551250,AZ,011,ARIZONA,GREENLEE,,20250101,0134000,2023
99999,00000,NON-METRO,GSE,S,0145000,0806500,1032650,1248150,1551250,AZ,012,ARIZONA,LA PAZ,,20250101,0145000,2024
38060,00000,"PHOENIX-MESA-CHANDLER, AZ",GSE,S,0475000,0806500,1032650,1248150,1551250,AZ,013,ARIZONA,MARICOPA,,20250101,0475000,2024
29420,00000,"LAKE HAVASU CITY-KINGMAN, AZ",GSE,S,0256000,0806500,1032650,1248150,1551250,AZ,015,ARIZONA,MOHAVE,,20250101,0256000,2024
43320,00000,"SHOW LOW, AZ",GSE,S,0269000,0806500,1032650,1248150,1551250,AZ,017,ARIZONA,NAVAJO,,20250101,0269000,2024
46060,00000,"TUCSON, AZ",GSE,S,0359000,0806500,1032650,1248150,1551250,AZ,019,ARIZONA,PIMA,,20250101,0359000,2024
38060,00000,"PHOENIX-MESA-CHANDLER, AZ",GSE,S,0475000,0806500,1032650,1248150,1551250,AZ,021,ARIZONA,PINAL,,20250101,0475000,2024
35700,00000,"NOGALES, AZ",GSE,S,0265000,0806500,1032650,1248150,1551250,AZ,023,ARIZONA,SANTA CRUZ,,20250101,0265000,2023
39150,00000,"PRESCOTT VALLEY-PRESCOTT, AZ",GSE,S,0409000,0806500,1032650,1248150,1551250,AZ,025,ARIZONA,YAVAPAI,,20250101,0418000,2023
49740,00000,"YUMA, AZ",GSE,S,0250000,0806500,1032650,1248150,1551250,AZ,027,ARIZONA,YUMA,,20250101,0250000,2024
41860,36084,"SAN FRANCISCO-OAKLAND-BERKELEY, CA",GSE,H,1713000,1209750,1548975,1872225,2326875,CA,001,CALIFORNIA,ALAMEDA,,20250101,1713000,2024
99999,00000,NON-METRO,GSE,S,0229000,0806500,1032650,1248150,1551250,CA,003,CALIFORNIA,ALPINE,,20250101,0438000,2023
99999,00000,NON-METRO,GSE,S,0382000,0806500,1032650,1248150,1551250,CA,005,CALIFORNIA,AMADOR,,20250101,0395000,2022
17020,00000,"CHICO, CA",GSE,S,0290000,0806500,1032650,1248150,1551250,CA,007,CALIFORNIA,BUTTE,,20250101,0310000,2022
99999,00000,NON-METRO,GSE,S,0381000,0806500,1032650,1248150,1551250,CA,009,CALIFORNIA,CALAVERAS,,20250101,0399000,2022
99999,00000,NON-METRO,GSE,S,0400000,0806500,1032650,1248150,1551250,CA,011,CALIFORNIA,COLUSA,,20250101,0400000,2024
41860,36084,"SAN FRANCISCO-OAKLAND-BERKELEY, CA",GSE,H,1713000,1209750,1548975,1872225,2326875,CA,013,CALIFORNIA,CONTRA COSTA,,20250101,1713000,2024
18860,00000,"CRESCENT CITY, CA",GSE,S,0285000,0806500,1032650,1248150,1551250,CA,015,CALIFORNIA,DEL NORTE,,20250101,0285000,2024
40900,00000,"SACRAMENTO-ROSEVILLE-FOLSOM, CA",GSE,S,0650000,0806500,1032650,1248150,1551250,CA,017,CALIFORNIA,EL DORADO,,20250101,0664000,2022
23420,00000,"FRESNO, CA",GSE,S,0408000,0806500,1032650,1248150,1551250,CA,019,CALIFORNIA,FRESNO,,20250101,0408000,2024
99999,00000,NON-METRO,GSE,S,0313000,0806500,1032650,1248150,1551250,CA,021,CALIFORNIA,GLENN,,20250101,0313000,2024
21700,00000,"EUREKA-ARCATA, CA",GSE,S,0399000,0806500,1032650,1248150,1551250,CA,023,CALIFORNIA,HUMBOLDT,,20250101,0400000,2022
20940,00000,"EL CENTRO, CA",GSE,S,0315000,0806500,1032650,1248150,1551250,CA,025,CALIFORNIA,IMPERIAL,,20250101,0315000,2024
99999,00000,NON-METRO,GSE,S,0450000,0806500,1032650,1248150,1551250,CA,027,CALIFORNIA,INYO,,20250101,0450000,2024
12540,00000,"BAKERSFIELD, CA",GSE,S,0351000,0806500,1032650,1248150,1551250,CA,029,CALIFORNIA,KERN,,20250101,0351000,2024
25260,00000,"HANFORD-CORCORAN, CA",GSE,S,0361000,0806500,1032650,1248150,1551250,CA,031,CALIFORNIA,KINGS,,20250101,0361000,2024
17340,00000,"CLEARLAKE, CA",GSE,S,0240000,0806500,1032650,1248150,1551250,CA,033,CALIFORNIA,LAKE,,20250101,0259000,2022
45000,00000,"SUSANVILLE, CA",GSE,S,0180000,0806500,1032650,1248150,1551250,CA,035,CALIFORNIA,LASSEN,,20250101,0190000,2008
31080,31084,"LOS ANGELES-LONG BEACH-ANAHEIM, CA",GSE,H,1275000,1209750,1548975,1872225,2326875,CA,037,CALIFORNIA,LOS ANGELES,,20250101,1275000,2024
31460,00000,"MADERA, CA",GSE,S,0421000,0806500,1032650,1248150,1551250,CA,039,CALIFORNIA,MADERA,,20250101,0421000,2024
41860,42034,"SAN FRANCISCO-OAKLAND-BERKELEY, CA",GSE,H,1713000,1209750,1548975,1872225,2326875,CA,041,CALIFORNIA,MARIN,,20250101,1713000,2024
99999,00000,NON-METRO,GSE,S,0323000,0806500,1032650,1248150,1551250,CA,043,CALIFORNIA,MARIPOSA,,20250101,0323000,2024
46380,00000,"UKIAH, CA",GSE,S,0440000,0806500,1032650,1248150,1551250,CA,045,CALIFORNIA,MENDOCINO,,20250101,0475000,2022
32900,00000,"MERCED, CA",GSE,S,0410000,0806500,1032650,1248150,1551250,CA,047,CALIFORNIA,MERCED,,20250101,0410000,2024
99999,00000,NON-METRO,GSE,S,0140000,0806500,1032650,1248150,1551250,CA,049,CALIFORNIA,MODOC,,20250101,0152000,2023
99999,00000,NON-METRO,GSE,S,0675000,0806500,1032650,1248150,1551250,CA,051,CALIFORNIA,MONO,,20250101,0675000,2024
41500,00000,"SALINAS, CA",GSE,H,0844000,0970600,1242550,1501950,1866600,CA,053,CALIFORNIA,MONTEREY,,20250101,0844000,2024
34900,00000,"NAPA, CA",GSE,H,0850000,1017750,1302900,1574900,1957250,CA,055,CALIFORNIA,NAPA,,20230101,0885000,2022
46020,00000,"TRUCKEE-GRASS VALLEY, CA",GSE,S,0560000,0806500,1032650,1248150,1551250,CA,057,CALIFORNIA,NEVADA,,20250101,0560000,2022
31080,11244,"LOS ANGELES-LONG BEACH-ANAHEIM, CA",GSE,H,1275000,1209750,1548975,1872225,2326875,CA,059,CALIFORNIA,ORANGE,,20250101,1275000,2024
40900,00000,"SACRAMENTO-ROSEVILLE-FOLSOM, CA",GSE,S,0650000,0806500,1032650,1248150,1551250,CA,061,CALIFORNIA,PLACER,,20250101,0664000,2022
99999,00000,NON-METRO,GSE,S,0298000,0806500,1032650,1248150,1551250,CA,063,CALIFORNIA,PLUMAS,,20250101,0300000,2022
40140,00000,"RIVERSIDE-SAN BERNARDINO-ONTARIO, CA",GSE,S,0585000,0806500,1032650,1248150,1551250,CA,065,CALIFORNIA,RIVERSIDE,,20250101,0585000,2024
40900,00000,"SACRAMENTO-ROSEVILLE-FOLSOM, CA",GSE,S,0650000,0806500,1032650,1248150,1551250,CA,067,CALIFORNIA,SACRAMENTO,,20250101,0664000,2022
41940,00000,"SAN JOSE-SUNNYVALE-SANTA CLARA, CA",GSE,H,1750000,1209750,1548975,1872225,2326875,CA,069,CALIFORNIA,SAN BENITO,,20250101,1750000,2024
40140,00000,"RIVERSIDE-SAN BERNARDINO-ONTARIO, CA",GSE,S,0585000,0806500,1032650,1248150,1551250,CA,071,CALIFORNIA,SAN BERNARDINO,,20250101,0585000,2024
41740,00000,"SAN DIEGO-CHULA VISTA-CARLSBAD, CA",GSE,H,0937000,1077550,1379450,1667450,2072250,CA,073,CALIFORNIA,SAN DIEGO,,20250101,0937000,2024
41860,41884,"SAN FRANCISCO-OAKLAND-BERKELEY, CA",GSE,H,1713000,1209750,1548975,1872225,2326875,CA,075,CALIFORNIA,SAN FRANCISCO,,20250101,1713000,2024
44700,00000,"STOCKTON, CA",GSE,S,0590000,0806500,1032650,1248150,1551250,CA,077,CALIFORNIA,SAN JOAQUIN,,20250101,0590000,2024
42020,00000,"SAN LUIS OBISPO-PASO ROBLES, CA",GSE,H,0841000,0967150,1238150,1496600,1859950,CA,079,CALIFORNIA,SAN LUIS OBISPO,,20250101,0841000,2024
41860,41884,"SAN FRANCISCO-OAKLAND-BERKELEY, CA",GSE,H,1713000,1209750,1548975,1872225,2326875,CA,081,CALIFORNIA,SAN MATEO,,20250101,1713000,2024
42200,00000,"SANTA MARIA-SANTA BARBARA, CA",GSE,H,0794000,0913100,1168950,1413000,1756000,CA,083,CALIFORNIA,SANTA BARBARA,,20250101,0794000,2024
41940,00000,"SAN JOSE-SUNNYVALE-SANTA CLARA, CA",GSE,H,1750000,1209750,1548975,1872225,2326875,CA,085,CALIFORNIA,SANTA CLARA,,20250101,1750000,2024
42100,00000,"SANTA CRUZ-WATSONVILLE, CA",GSE,H,1025000,1178750,1509050,1824050,2266900,CA,087,CALIFORNIA,SANTA CRUZ,,20250101,1025000,2024
39820,00000,"REDDING, CA",GSE,S,0350000,0806500,1032650,1248150,1551250,CA,089,CALIFORNIA,SHASTA,,20250101,0350000,2024
99999,00000,NON-METRO,GSE,S,0180000,0806500,1032650,1248150,1551250,CA,091,CALIFORNIA,SIERRA,,20250101,0275000,2023
99999,00000,NON-METRO,GSE,S,0190000,0806500,1032650,1248150,1551250,CA,093,CALIFORNIA,SISKIYOU,,20250101,0235000,2022
46700,00000,"VALLEJO, CA",GSE,S,0590000,0806500,1032650,1248150,1551250,CA,095,CALIFORNIA,SOLANO,,20250101,0596000,2022
42220,00000,"SANTA ROSA-PETALUMA, CA",GSE,H,0780000,0897000,1148350,1388050,1725050,CA,097,CALIFORNIA,SONOMA,,20250101,0780000,2024
33700,00000,"MODESTO, CA",GSE,S,0466000,0806500,1032650,1248150,1551250,CA,099,CALIFORNIA,STANISLAUS,,20250101,0466000,2024
49700,00000,"YUBA CITY, CA",GSE,S,0435000,0806500,1032650,1248150,1551250,CA,101,CALIFORNIA,SUTTER,,20250101,0435000,2024
39780,00000,"RED BLUFF, CA",GSE,S,0266000,0806500,1032650,1248150,1551250,CA,103,CALIFORNIA,TEHAMA,,20250101,0285000,2022
99999,00000,NON-METRO,GSE,S,0200000,0806500,1032650,1248150,1551250,CA,105,CALIFORNIA,TRINITY,,20250101,0240000,2021
47300,00000,"VISALIA, CA",GSE,S,0359000,0806500,1032650,1248150,1551250,CA,107,CALIFORNIA,TULARE,,20250101,0359000,2024
43760,00000,"SONORA, CA",GSE,S,0357000,0806500,1032650,1248150,1551250,CA,109,CALIFORNIA,TUOLUMNE,,20250101,0369000,2022
37100,00000,"OXNARD-THOUSAND OAKS-VENTURA, CA",GSE,H,0885000,1017750,1302900,1574900,1957250,CA,111,CALIFORNIA,VENTURA,,20250101,0885000,2024
40900,00000,"SACRAMENTO-ROSEVILLE-FOLSOM, CA",GSE,S,0650000,0806500,1032650,1248150,1551250,CA,113,CALIFORNIA,YOLO,,20250101,0664000,2022
49700,00000,"YUBA CITY, CA",GSE,S,0435000,0806500,1032650,1248150,1551250,CA,115,CALIFORNIA,YUBA,,20250101,0435000,2024
19740,00000,"DENVER-AURORA-LAKEWOOD, CO",GSE,H,0725000,0833750,1067350,1290200,1603400,CO,001,COLORADO,ADAMS,,20250101,0725000,2024
99999,00000,NON-METRO,GSE,S,0234000,0806500,1032650,1248150,1551250,CO,003,COLORADO,ALAMOSA,,20250101,0234000,2024
19740,00000,"DENVER-AURORA-LAKEWOOD, CO",GSE,H,0725000,0833750,1067350,1290200,1603400,CO,005,COLORADO,ARAPAHOE,,20250101,0725000,2024
99999,00000,NON-METRO,GSE,S,0445000,0806500,1032650,1248150,1551250,CO,007,COLORADO,ARCHULETA,,20250101,0445000,2024
99999,00000,NON-METRO,GSE,S,0108000,0806500,1032650,1248150,1551250,CO,009,COLORADO,BACA,,20250101,0108000,2024
99999,00000,NON-METRO,GSE,S,0097000,0806500,1032650,1248150,1551250,CO,011,COLORADO,BENT,,20250101,0128000,2021
14500,00000,"BOULDER, CO",GSE,H,0750000,0862500,1104150,1334700,1658700,CO,013,COLORADO,BOULDER,,20250101,0750000,2024
19740,00000,"DENVER-AURORA-LAKEWOOD, CO",GSE,H,0725000,0833750,1067350,1290200,1603400,CO,014,COLORADO,BROOMFIELD,,20250101,0725000,2024
99999,00000,NON-METRO,GSE,S,0580000,0806500,1032650,1248150,1551250,CO,015,COLORADO,CHAFFEE,,20250101,0580000,2024
99999,00000,NON-METRO,GSE,S,0156000,0806500,1032650,1248150,1551250,CO,017,COLORADO,CHEYENNE,,20250101,0156000,2024
19740,00000,"DENVER-AURORA-LAKEWOOD, CO",GSE,H,0725000,0833750,1067350,1290200,1603400,CO,019,COLORADO,CLEAR CREEK,,20250101,0725000,2024
99999,00000,NON-METRO,GSE,S,0145000,0806500,1032650,1248150,1551250,CO,021,COLORADO,CONEJOS,,20250101,0145000,2024
99999,00000,NON-METRO,GSE,S,0100000,0806500,1032650,1248150,1551250,CO,023,COLORADO,COSTILLA,,20250101,0111000,2017
99999,00000,NON-METRO,GSE,S,0115000,0806500,1032650,1248150,1551250,CO,025,COLORADO,CROWLEY,,20250101,0167000,2023
99999,00000,NON-METRO,GSE,S,0280000,0806500,1032650,1248150,1551250,CO,027,COLORADO,CUSTER,,20250101,0280000,2024
99999,00000,NON-METRO,GSE,S,0325000,0806500,1032650,1248150,1551250,CO,029,COLORADO,DELTA,,20250101,0325000,2024
19740,00000,"DENVER-AURORA-LAKEWOOD, CO",GSE,H,0725000,0833750,1067350,1290200,1603400,CO,031,COLORADO,DENVER,,20250101,0725000,2024
99999,00000,NON-METRO,GSE,S,0170000,0806500,1032650,1248150,1551250,CO,033,COLORADO,DOLORES,,20250101,0200000,2022
19740,00000,"DENVER-AURORA-LAKEWOOD, CO",GSE,H,0725000,0833750,1067350,1290200,1603400,CO,035,COLORADO,DOUGLAS,,20250101,0725000,2024
20780,00000,"EDWARDS, CO",GSE,H,1275000,1209750,1548975,1872225,2326875,CO,037,COLORADO,EAGLE,,20250101,1275000,2024
19740,00000,"DENVER-AURORA-LAKEWOOD, CO",GSE,H,0725000,0833750,1067350,1290200,1603400,CO,039,COLORADO,ELBERT,,20250101,0725000,2024
17820,00000,"COLORADO SPRINGS, CO",GSE,S,0464000,0806500,1032650,1248150,1551250,CO,041,COLORADO,EL PASO,,20250101,0464000,2024
15860,00000,"CANON CITY, CO",GSE,S,0289000,0806500,1032650,1248150,1551250,CO,043,COLORADO,FREMONT,,20250101,0289000,2024
24060,00000,"GLENWOOD SPRINGS, CO",GSE,H,1125000,1209750,1548975,1872225,2326875,CO,045,COLORADO,GARFIELD,,20250101,1125000,2024
19740,00000,"DENVER-AURORA-LAKEWOOD, CO",GSE,H,0725000,0833750,1067350,1290200,1603400,CO,047,COLORADO,GILPIN,,20250101,0725000,2024
99999,00000,NON-METRO,GSE,H,0760000,0874000,1118900,1352450,1680800,CO,049,COLORADO,GRAND,,20250101,0760000,2024
99999,00000,NON-METRO,GSE,S,0650000,0806500,1032650,1248150,1551250,CO,051,COLORADO,GUNNISON,,20250101,0650000,2024
99999,00000,NON-METRO,GSE,S,0285000,0806500,1032650,1248150,1551250,CO,053,COLORADO,HINSDALE,,20250101,0372000,2009
99999,00000,NON-METRO,GSE,S,0153000,0806500,1032650,1248150,1551250,CO,055,COLORADO,HUERFANO,,20250101,0165000,2022
99999,00000,NON-METRO,GSE,S,0239000,0806500,1032650,1248150,1551250,CO,057,COLORADO,JACKSON,,20250101,0239000,2024
19740,00000,"DENVER-AURORA-LAKEWOOD, CO",GSE,H,0725000,0833750,1067350,1290200,1603400,CO,059,COLORADO,JEFFERSON,,20250101,0725000,2024
99999,00000,NON-METRO,GSE,S,0080000,0806500,1032650,1248150,1551250,CO,061,COLORADO,KIOWA,,20250101,0111000,2023
99999,00000,NON-METRO,GSE,S,0258000,0806500,1032650,1248150,1551250,CO,063,COLORADO,KIT CARSON,,20250101,0258000,2024
99999,00000,NON-METRO,GSE,S,0428000,0806500,1032650,1248150,1551250,CO,065,COLORADO,LAKE,,20250101,0710000,2008
20420,00000,"DURANGO, CO",GSE,S,0600000,0806500,1032650,1248150,1551250,CO,067,COLORADO,LA PLATA,,20250101,0600000,2024
22660,00000,"FORT COLLINS, CO",GSE,S,0550000,0806500,1032650,1248150,1551250,CO,069,COLORADO,LARIMER,,20250101,0550000,2023
99999,00000,NON-METRO,GSE,S,0200000,0806500,1032650,1248150,1551250,CO,071,COLORADO,LAS ANIMAS,,20250101,0200000,2024
99999,00000,NON-METRO,GSE,S,0200000,0806500,1032650,1248150,1551250,CO,073,COLORADO,LINCOLN,,20250101,0200000,2024
44540,00000,"STERLING, CO",GSE,S,0225000,0806500,1032650,1248150,1551250,CO,075,COLORADO,LOGAN,,20250101,0225000,2024
24300,00000,"GRAND JUNCTION, CO",GSE,S,0389000,0806500,1032650,1248150,1551250,CO,077,COLORADO,MESA,,20250101,0389000,2024
99999,00000,NON-METRO,GSE,S,0315000,0806500,1032650,1248150,1551250,CO,079,COLORADO,MINERAL,,20250101,0315000,2024
18780,00000,"CRAIG, CO",GSE,S,0277000,0806500,1032650,1248150,1551250,CO,081,COLORADO,MOFFAT,,20250101,0277000,2024
99999,00000,NON-METRO,GSE,S,0323000,0806500,1032650,1248150,1551250,CO,083,COLORADO,MONTEZUMA,,20250101,0323000,2024
33940,00000,"MONTROSE, CO",GSE,S,0653000,0806500,1032650,1248150,1551250,CO,085,COLORADO,MONTROSE,,20250101,0653000,2024
22820,00000,"FORT MORGAN, CO",GSE,S,0315000,0806500,1032650,1248150,1551250,CO,087,COLORADO,MORGAN,,20250101,0316000,2023
99999,00000,NON-METRO,GSE,S,0148000,0806500,1032650,1248150,1551250,CO,089,COLORADO,OTERO,,20250101,0148000,2024
33940,00000,"MONTROSE, CO",GSE,S,0653000,0806500,1032650,1248150,1551250,CO,091,COLORADO,OURAY,,20250101,0653000,2024
19740,00000,"DENVER-AURORA-LAKEWOOD, CO",GSE,H,0725000,0833750,1067350,1290200,1603400,CO,093,COLORADO,PARK,,20250101,0725000,2024
99999,00000,NON-METRO,GSE,S,0213000,0806500,1032650,1248150,1551250,CO,095,COLORADO,PHILLIPS,,20250101,0213000,2024
24060,00000,"GLENWOOD SPRINGS, CO",GSE,H,1125000,1209750,1548975,1872225,2326875,CO,097,COLORADO,PITKIN,,20250101,1125000,2024
99999,00000,NON-METRO,GSE,S,0180000,0806500,1032650,1248150,1551250,CO,099,COLORADO,PROWERS,,20250101,0180000,2023
39380,00000,"PUEBLO, CO",GSE,S,0280000,0806500,1032650,1248150,1551250,CO,101,COLORADO,PUEBLO,,20250101,0280000,2023
99999,00000,NON-METRO,GSE,S,0206000,0806500,1032650,1248150,1551250,CO,103,COLORADO,RIO BLANCO,,20250101,0219000,2021
99999,00000,NON-METRO,GSE,S,0165000,0806500,1032650,1248150,1551250,CO,105,COLORADO,RIO GRANDE,,20250101,0170000,2022
44460,00000,"STEAMBOAT SPRINGS, CO",GSE,H,0875000,1012000,1295550,1566050,1946200,CO,107,COLORADO,ROUTT,,20240101,0880000,2023
99999,00000,NON-METRO,GSE,S,0150000,0806500,1032650,1248150,1551250,CO,109,COLORADO,SAGUACHE,,20250101,0175000,2021
99999,00000,NON-METRO,GSE,S,0430000,0806500,1032650,1248150,1551250,CO,111,COLORADO,SAN JUAN,,20250101,0450000,2023
99999,00000,NON-METRO,GSE,H,0620000,0994750,1273450,1539350,1913000,CO,113,COLORADO,SAN MIGUEL,,20240101,0865000,2023
99999,00000,NON-METRO,GSE,S,0142000,0806500,1032650,1248150,1551250,CO,115,COLORADO,SEDGWICK,,20250101,0142000,2024
14720,00000,"BRECKENRIDGE, CO",GSE,H,0928000,1067200,1366200,1651450,2052350,CO,117,COLORADO,SUMMIT,,20250101,0928000,2024
17820,00000,"COLORADO SPRINGS, CO",GSE,S,0464000,0806500,1032650,1248150,1551250,CO,119,COLORADO,TELLER,,20250101,0464000,2024
99999,00000,NON-METRO,GSE,S,0230000,0806500,1032650,1248150,1551250,CO,121,COLORADO,WASHINGTON,,20250101,0230000,2024
24540,00000,"GREELEY, CO",GSE,S,0490000,0806500,1032650,1248150,1551250,CO,123,COLORADO,WELD,,20250101,0490000,2024
99999,00000,NON-METRO,GSE,S,0174000,0806500,1032650,1248150,1551250,CO,125,COLORADO,YUMA,,20250101,0185000,2023
14860,00000,"BRIDGEPORT-STAMFORD-NORWALK, CT",GSE,H,0740000,0851000,1089450,1316900,1636550,CT,001,CONNECTICUT,FAIRFIELD,,20250101,0740000,2024
25540,00000,"HARTFORD-EAST HARTFORD-MIDDLETOWN, CT",GSE,S,0433000,0806500,1032650,1248150,1551250,CT,003,CONNECTICUT,HARTFORD,,20250101,0433000,2024
45860,00000,"TORRINGTON, CT",GSE,S,0371000,0806500,1032650,1248150,1551250,CT,005,CONNECTICUT,LITCHFIELD,,20250101,0371000,2024
25540,00000,"HARTFORD-EAST HARTFORD-MIDDLETOWN, CT",GSE,S,0433000,0806500,1032650,1248150,1551250,CT,007,CONNECTICUT,MIDDLESEX,,20250101,0433000,2024
35300,00000,"NEW HAVEN-MILFORD, CT",GSE,S,0385000,0806500,1032650,1248150,1551250,CT,009,CONNECTICUT,NEW HAVEN,,20250101,0385000,2024
35980,00000,"NORWICH-NEW LONDON, CT",GSE,S,0380000,0806500,1032650,1248150,1551250,CT,011,CONNECTICUT,NEW LONDON,,20250101,0380000,2024
25540,00000,"HARTFORD-EAST HARTFORD-MIDDLETOWN, CT",GSE,S,0433000,0806500,1032650,1248150,1551250,CT,013,CONNECTICUT,TOLLAND,,20250101,0433000,2024
49340,00000,"WORCESTER, MA-CT",GSE,S,0450000,0806500,1032650,1248150,1551250,CT,015,CONNECTICUT,WINDHAM,,20250101,0450000,2024
47900,47894,"WASHINGTON-ARLINGTON-ALEXANDRIA, DC-VA-MD-WV",GSE,H,1130000,1209750,1548975,1872225,2326875,DC,001,DISTRICT OF COLUMBIA,DISTRICT OF COL,,20250101,1130000,2024
20100,00000,"DOVER, DE",GSE,S,0325000,0806500,1032650,1248150,1551250,DE,001,DELAWARE,KENT,,20250101,0325000,2024
37980,48864,"PHILADELPHIA-CAMDEN-WILMINGTON, PA-NJ-DE-MD",GSE,S,0517000,0806500,1032650,1248150,1551250,DE,003,DELAWARE,NEW CASTLE,,20250101,0517000,2024
41540,00000,"SALISBURY, MD-DE",GSE,S,0422000,0806500,1032650,1248150,1551250,DE,005,DELAWARE,SUSSEX,,20250101,0422000,2024
23540,00000,"GAINESVILLE, FL",GSE,S,0303000,0806500,1032650,1248150,1551250,FL,001,FLORIDA,ALACHUA,,20250101,0305000,2023
27260,00000,"JACKSONVILLE, FL",GSE,S,0505000,0806500,1032650,1248150,1551250,FL,003,FLORIDA,BAKER,,20250101,0505000,2024
37460,00000,"PANAMA CITY, FL",GSE,S,0329000,0806500,1032650,1248150,1551250,FL,005,FLORIDA,BAY,,20250101,0329000,2024
99999,00000,NON-METRO,GSE,S,0150000,0806500,1032650,1248150,1551250,FL,007,FLORIDA,BRADFORD,,20250101,0170000,2023
37340,00000,"PALM BAY-MELBOURNE-TITUSVILLE, FL",GSE,S,0340000,0806500,1032650,1248150,1551250,FL,009,FLORIDA,BREVARD,,20250101,0342000,2023
33100,22744,"MIAMI-FORT LAUDERDALE-POMPANO BEACH, FL",GSE,S,0569000,0806500,1032650,1248150,1551250,FL,011,FLORIDA,BROWARD,,20250101,0569000,2024
99999,00000,NON-METRO,GSE,S,0110000,0806500,1032650,1248150,1551250,FL,013,FLORIDA,CALHOUN,,20250101,0110000,2024
39460,00000,"PUNTA GORDA, FL",GSE,S,0325000,0806500,1032650,1248150,1551250,FL,015,FLORIDA,CHARLOTTE,,20250101,0329000,2023
26140,00000,"HOMOSASSA SPRINGS, FL",GSE,S,0237000,0806500,1032650,1248150,1551250,FL,017,FLORIDA,CITRUS,,20250101,0237000,2024
27260,00000,"JACKSONVILLE, FL",GSE,S,0505000,0806500,1032650,1248150,1551250,FL,019,FLORIDA,CLAY,,20250101,0505000,2024
34940,00000,"NAPLES-MARCO ISLAND, FL",GSE,S,0665000,0806500,1032650,1248150,1551250,FL,021,FLORIDA,COLLIER,,20250101,0665000,2024
29380,00000,"LAKE CITY, FL",GSE,S,0178000,0806500,1032650,1248150,1551250,FL,023,FLORIDA,COLUMBIA,,20250101,0178000,2024
11580,00000,"ARCADIA, FL",GSE,S,0215000,0806500,1032650,1248150,1551250,FL,027,FLORIDA,DESOTO,,20250101,0215000,2024
99999,00000,NON-METRO,GSE,S,0092000,0806500,1032650,1248150,1551250,FL,029,FLORIDA,DIXIE,,20250101,0093000,2008
27260,00000,"JACKSONVILLE, FL",GSE,S,0505000,0806500,1032650,1248150,1551250,FL,031,FLORIDA,DUVAL,,20250101,0505000,2024
37860,00000,"PENSACOLA-FERRY PASS-BRENT, FL",GSE,S,0322000,0806500,1032650,1248150,1551250,FL,033,FLORIDA,ESCAMBIA,,20250101,0325000,2023
19660,00000,"DELTONA-DAYTONA BEACH-ORMOND BEACH, FL",GSE,S,0348000,0806500,1032650,1248150,1551250,FL,035,FLORIDA,FLAGLER,,20250101,0350000,2023
99999,00000,NON-METRO,GSE,S,0219000,0806500,1032650,1248150,1551250,FL,037,FLORIDA,FRANKLIN,,20250101,0219000,2024
45220,00000,"TALLAHASSEE, FL",GSE,S,0269000,0806500,1032650,1248150,1551250,FL,039,FLORIDA,GADSDEN,,20250101,0269000,2024
23540,00000,"GAINESVILLE, FL",GSE,S,0303000,0806500,1032650,1248150,1551250,FL,041,FLORIDA,GILCHRIST,,20250101,0305000,2023
99999,00000,NON-METRO,GSE,S,0167000,0806500,1032650,1248150,1551250,FL,043,FLORIDA,GLADES,,20250101,0175000,2023
99999,00000,NON-METRO,GSE,S,0295000,0806500,1032650,1248150,1551250,FL,045,FLORIDA,GULF,,20250101,0310000,2023
99999,00000,NON-METRO,GSE,S,0087000,0806500,1032650,1248150,1551250,FL,047,FLORIDA,HAMILTON,,20250101,0110000,2022
48100,00000,"WAUCHULA, FL",GSE,S,0155000,0806500,1032650,1248150,1551250,FL,049,FLORIDA,HARDEE,,20250101,0155000,2024
17500,00000,"CLEWISTON, FL",GSE,S,0230000,0806500,1032650,1248150,1551250,FL,051,FLORIDA,HENDRY,,20250101,0230000,2024
45300,00000,"TAMPA-ST. PETERSBURG-CLEARWATER, FL",GSE,S,0415000,0806500,1032650,1248150,1551250,FL,053,FLORIDA,HERNANDO,,20250101,0415000,2024
42700,00000,"SEBRING-AVON PARK, FL",GSE,S,0219000,0806500,1032650,1248150,1551250,FL,055,FLORIDA,HIGHLANDS,,20250101,0219000,2024
45300,00000,"TAMPA-ST. PETERSBURG-CLEARWATER, FL",GSE,S,0415000,0806500,1032650,1248150,1551250,FL,057,FLORIDA,HILLSBOROUGH,,20250101,0415000,2024
99999,00000,NON-METRO,GSE,S,0105000,0806500,1032650,1248150,1551250,FL,059,FLORIDA,HOLMES,,20250101,0125000,2022
42680,00000,"SEBASTIAN-VERO BEACH, FL",GSE,S,0375000,0806500,1032650,1248150,1551250,FL,061,FLORIDA,INDIAN RIVER,,20250101,0375000,2024
99999,00000,NON-METRO,GSE,S,0130000,0806500,1032650,1248150,1551250,FL,063,FLORIDA,JACKSON,,20250101,0130000,2023
45220,00000,"TALLAHASSEE, FL",GSE,S,0269000,0806500,1032650,1248150,1551250,FL,065,FLORIDA,JEFFERSON,,20250101,0269000,2024
99999,00000,NON-METRO,GSE,S,0086000,0806500,1032650,1248150,1551250,FL,067,FLORIDA,LAFAYETTE,,20250101,0100000,2022
36740,00000,"ORLANDO-KISSIMMEE-SANFORD, FL",GSE,S,0450000,0806500,1032650,1248150,1551250,FL,069,FLORIDA,LAKE,,20250101,0450000,2024
15980,00000,"CAPE CORAL-FORT MYERS, FL",GSE,S,0370000,0806500,1032650,1248150,1551250,FL,071,FLORIDA,LEE,,20250101,0370000,2023
45220,00000,"TALLAHASSEE, FL",GSE,S,0269000,0806500,1032650,1248150,1551250,FL,073,FLORIDA,LEON,,20250101,0269000,2024
23540,00000,"GAINESVILLE, FL",GSE,S,0303000,0806500,1032650,1248150,1551250,FL,075,FLORIDA,LEVY,,20250101,0305000,2023
99999,00000,NON-METRO,GSE,S,0095000,0806500,1032650,1248150,1551250,FL,077,FLORIDA,LIBERTY,,20250101,0100000,2008
99999,00000,NON-METRO,GSE,S,0084000,0806500,1032650,1248150,1551250,FL,079,FLORIDA,MADISON,,20250101,0095000,2009
35840,00000,"NORTH PORT-SARASOTA-BRADENTON, FL",GSE,S,0466000,0806500,1032650,1248150,1551250,FL,081,FLORIDA,MANATEE,,20250101,0476000,2023
36100,00000,"OCALA, FL",GSE,S,0268000,0806500,1032650,1248150,1551250,FL,083,FLORIDA,MARION,,20250101,0268000,2024
38940,00000,"PORT ST. LUCIE, FL",GSE,S,0519000,0806500,1032650,1248150,1551250,FL,085,FLORIDA,MARTIN,,20250101,0519000,2024
33100,33124,"MIAMI-FORT LAUDERDALE-POMPANO BEACH, FL",GSE,S,0569000,0806500,1032650,1248150,1551250,FL,086,FLORIDA,MIAMI-DADE,,20250101,0569000,2024
28580,00000,"KEY WEST, FL",GSE,H,0841000,0967150,1238150,1496600,1859950,FL,087,FLORIDA,MONROE,,20250101,0841000,2024
27260,00000,"JACKSONVILLE, FL",GSE,S,0505000,0806500,1032650,1248150,1551250,FL,089,FLORIDA,NASSAU,,20250101,0505000,2024
18880,00000,"CRESTVIEW-FORT WALTON BEACH-DESTIN, FL",GSE,S,0500000,0806500,1032650,1248150,1551250,FL,091,FLORIDA,OKALOOSA,,20250101,0525000,2022
36380,00000,"OKEECHOBEE, FL",GSE,S,0161000,0806500,1032650,1248150,1551250,FL,093,FLORIDA,OKEECHOBEE,,20250101,0161000,2024
36740,00000,"ORLANDO-KISSIMMEE-SANFORD, FL",GSE,S,0450000,0806500,1032650,1248150,1551250,FL,095,FLORIDA,ORANGE,,20250101,0450000,2024
36740,00000,"ORLANDO-KISSIMMEE-SANFORD, FL",GSE,S,0450000,0806500,1032650,1248150,1551250,FL,097,FLORIDA,OSCEOLA,,20250101,0450000,2024
33100,48424,"MIAMI-FORT LAUDERDALE-POMPANO BEACH, FL",GSE,S,0569000,0806500,1032650,1248150,1551250,FL,099,FLORIDA,PALM BEACH,,20250101,0569000,2024
45300,00000,"TAMPA-ST. PETERSBURG-CLEARWATER, FL",GSE,S,0415000,0806500,1032650,1248150,1551250,FL,101,FLORIDA,PASCO,,20250101,0415000,2024
45300,00000,"TAMPA-ST. PETERSBURG-CLEARWATER, FL",GSE,S,0415000,0806500,1032650,1248150,1551250,FL,103,FLORIDA,PINELLAS,,20250101,0415000,2024
29460,00000,"LAKELAND-WINTER HAVEN, FL",GSE,S,0312000,0806500,1032650,1248150,1551250,FL,105,FLORIDA,POLK,,20250101,0315000,2023
37260,00000,"PALATKA, FL",GSE,S,0115000,0806500,1032650,1248150,1551250,FL,107,FLORIDA,PUTNAM,,20250101,0117000,2023
27260,00000,"JACKSONVILLE, FL",GSE,S,0505000,0806500,1032650,1248150,1551250,FL,109,FLORIDA,ST. JOHNS,,20250101,0505000,2024
38940,00000,"PORT ST. LUCIE, FL",GSE,S,0519000,0806500,1032650,1248150,1551250,FL,111,FLORIDA,ST. LUCIE,,20250101,0519000,2024
37860,00000,"PENSACOLA-FERRY PASS-BRENT, FL",GSE,S,0322000,0806500,1032650,1248150,1551250,FL,113,FLORIDA,SANTA ROSA,,20250101,0325000,2023
35840,00000,"NORTH PORT-SARASOTA-BRADENTON, FL",GSE,S,0466000,0806500,1032650,1248150,1551250,FL,115,FLORIDA,SARASOTA,,20250101,0476000,2023
36740,00000,"ORLANDO-KISSIMMEE-SANFORD, FL",GSE,S,0450000,0806500,1032650,1248150,1551250,FL,117,FLORIDA,SEMINOLE,,20250101,0450000,2024
45540,00000,"THE VILLAGES, FL",GSE,S,0370000,0806500,1032650,1248150,1551250,FL,119,FLORIDA,SUMTER,,20250101,0370000,2023
99999,00000,NON-METRO,GSE,S,0125000,0806500,1032650,1248150,1551250,FL,121,FLORIDA,SUWANNEE,,20250101,0125000,2024
99999,00000,NON-METRO,GSE,S,0125000,0806500,1032650,1248150,1551250,FL,123,FLORIDA,TAYLOR,,20250101,0125000,2024
99999,00000,NON-METRO,GSE,S,0166000,0806500,1032650,1248150,1551250,FL,125,FLORIDA,UNION,,20250101,0166000,2024
19660,00000,"DELTONA-DAYTONA BEACH-ORMOND BEACH, FL",GSE,S,0348000,0806500,1032650,1248150,1551250,FL,127,FLORIDA,VOLUSIA,,20250101,0350000,2023
45220,00000,"TALLAHASSEE, FL",GSE,S,0269000,0806500,1032650,1248150,1551250,FL,129,FLORIDA,WAKULLA,,20250101,0269000,2024
18880,00000,"CRESTVIEW-FORT WALTON BEACH-DESTIN, FL",GSE,S,0500000,0806500,1032650,1248150,1551250,FL,131,FLORIDA,WALTON,,20250101,0525000,2022
99999,00000,NON-METRO,GSE,S,0170000,0806500,1032650,1248150,1551250,FL,133,FLORIDA,WASHINGTON,,20250101,0170000,2024
99999,00000,NON-METRO,GSE,S,0095000,0806500,1032650,1248150,1551250,GA,001,GEORGIA,APPLING,,20250101,0123000,2009
20060,00000,"DOUGLAS, GA",GSE,S,0097000,0806500,1032650,1248150,1551250,GA,003,GEORGIA,ATKINSON,,20250101,0125000,2008
99999,00000,NON-METRO,GSE,S,0070000,0806500,1032650,1248150,1551250,GA,005,GEORGIA,BACON,,20250101,0081000,2008
99999,00000,NON-METRO,GSE,S,0102000,0806500,1032650,1248150,1551250,GA,007,GEORGIA,BAKER,,20250101,0114000,2022
33300,00000,"MILLEDGEVILLE, GA",GSE,S,0159000,0806500,1032650,1248150,1551250,GA,009,GEORGIA,BALDWIN,,20250101,0166000,2008
99999,00000,NON-METRO,GSE,S,0273000,0806500,1032650,1248150,1551250,GA,011,GEORGIA,BANKS,,20250101,0273000,2024
12060,00000,"ATLANTA-SANDY SPRINGS-ALPHARETTA, GA",GSE,S,0599000,0806500,1032650,1248150,1551250,GA,013,GEORGIA,BARROW,,20250101,0599000,2024
12060,00000,"ATLANTA-SANDY SPRINGS-ALPHARETTA, GA",GSE,S,0599000,0806500,1032650,1248150,1551250,GA,015,GEORGIA,BARTOW,,20250101,0599000,2024
22340,00000,"FITZGERALD, GA",GSE,S,0065000,0806500,1032650,1248150,1551250,GA,017,GEORGIA,BEN HILL,,20250101,0088000,2008
99999,00000,NON-METRO,GSE,S,0105000,0806500,1032650,1248150,1551250,GA,019,GEORGIA,BERRIEN,,20250101,0126000,2008
31420,00000,"MACON-BIBB COUNTY, GA",GSE,S,0248000,0806500,1032650,1248150,1551250,GA,021,GEORGIA,BIBB,,20250101,0248000,2024
99999,00000,NON-METRO,GSE,S,0129000,0806500,1032650,1248150,1551250,GA,023,GEORGIA,BLECKLEY,,20250101,0129000,2024
15260,00000,"BRUNSWICK, GA",GSE,S,0311000,0806500,1032650,1248150,1551250,GA,025,GEORGIA,BRANTLEY,,20250101,0311000,2024
46660,00000,"VALDOSTA, GA",GSE,S,0215000,0806500,1032650,1248150,1551250,GA,027,GEORGIA,BROOKS,,20250101,0215000,2024
42340,00000,"SAVANNAH, GA",GSE,S,0389000,0806500,1032650,1248150,1551250,GA,029,GEORGIA,BRYAN,,20250101,0389000,2024
44340,00000,"STATESBORO, GA",GSE,S,0255000,0806500,1032650,1248150,1551250,GA,031,GEORGIA,BULLOCH,,20250101,0255000,2024
12260,00000,"AUGUSTA-RICHMOND COUNTY, GA-SC",GSE,S,0292000,0806500,1032650,1248150,1551250,GA,033,GEORGIA,BURKE,,20250101,0297000,2023
12060,00000,"ATLANTA-SANDY SPRINGS-ALPHARETTA, GA",GSE,S,0599000,0806500,1032650,1248150,1551250,GA,035,GEORGIA,BUTTS,,20250101,0599000,2024
99999,00000,NON-METRO,GSE,S,0059000,0806500,1032650,1248150,1551250,GA,037,GEORGIA,CALHOUN,,20250101,0078000,2009
41220,00000,"ST. MARYS, GA",GSE,S,0259000,0806500,1032650,1248150,1551250,GA,039,GEORGIA,CAMDEN,,20250101,0259000,2024
99999,00000,NON-METRO,GSE,S,0120000,0806500,1032650,1248150,1551250,GA,043,GEORGIA,CANDLER,,20250101,0123000,2022
12060,00000,"ATLANTA-SANDY SPRINGS-ALPHARETTA, GA",GSE,S,0599000,0806500,1032650,1248150,1551250,GA,045,GEORGIA,CARROLL,,20250101,0599000,2024
16860,00000,"CHATTANOOGA, TN-GA",GSE,S,0329000,0806500,1032650,1248150,1551250,GA,047,GEORGIA,CATOOSA,,20250101,0329000,2024
99999,00000,NON-METRO,GSE,S,0110000,0806500,1032650,1248150,1551250,GA,049,GEORGIA,CHARLTON,,20250101,0113000,2008
42340,00000,"SAVANNAH, GA",GSE,S,0389000,0806500,1032650,1248150,1551250,GA,051,GEORGIA,CHATHAM,,20250101,0389000,2024
17980,00000,"COLUMBUS, GA-AL",GSE,S,0282000,0806500,1032650,1248150,1551250,GA,053,GEORGIA,CHATTAHOOCHEE,,20250101,0282000,2024
44900,00000,"SUMMERVILLE, GA",GSE,S,0098000,0806500,1032650,1248150,1551250,GA,055,GEORGIA,CHATTOOGA,,20250101,0124000,2009
12060,00000,"ATLANTA-SANDY SPRINGS-ALPHARETTA, GA",GSE,S,0599000,0806500,1032650,1248150,1551250,GA,057,GEORGIA,CHEROKEE,,20250101,0599000,2024
12020,00000,"ATHENS-CLARKE COUNTY, GA",GSE,S,0525000,0806500,1032650,1248150,1551250,GA,059,GEORGIA,CLARKE,,20250101,0525000,2024
99999,00000,NON-METRO,GSE,S,0110000,0806500,1032650,1248150,1551250,GA,061,GEORGIA,CLAY,,20250101,0112000,2008
12060,00000,"ATLANTA-SANDY SPRINGS-ALPHARETTA, GA",GSE,S,0599000,0806500,1032650,1248150,1551250,GA,063,GEORGIA,CLAYTON,,20250101,0599000,2024
99999,00000,NON-METRO,GSE,S,0065000,0806500,1032650,1248150,1551250,GA,065,GEORGIA,CLINCH,,20250101,0122000,2008
12060,00000,"ATLANTA-SANDY SPRINGS-ALPHARETTA, GA",GSE,S,0599000,0806500,1032650,1248150,1551250,GA,067,GEORGIA,COBB,,20250101,0599000,2024
20060,00000,"DOUGLAS, GA",GSE,S,0097000,0806500,1032650,1248150,1551250,GA,069,GEORGIA,COFFEE,,20250101,0125000,2008
34220,00000,"MOULTRIE, GA",GSE,S,0130000,0806500,1032650,1248150,1551250,GA,071,GEORGIA,COLQUITT,,20250101,0130000,2024
12260,00000,"AUGUSTA-RICHMOND COUNTY, GA-SC",GSE,S,0292000,0806500,1032650,1248150,1551250,GA,073,GEORGIA,COLUMBIA,,20250101,0297000,2023
99999,00000,NON-METRO,GSE,S,0092000,0806500,1032650,1248150,1551250,GA,075,GEORGIA,COOK,,20250101,0095000,2023
12060,00000,"ATLANTA-SANDY SPRINGS-ALPHARETTA, GA",GSE,S,0599000,0806500,1032650,1248150,1551250,GA,077,GEORGIA,COWETA,,20250101,0599000,2024
31420,00000,"MACON-BIBB COUNTY, GA",GSE,S,0248000,0806500,1032650,1248150,1551250,GA,079,GEORGIA,CRAWFORD,,20250101,0248000,2024
18380,00000,"CORDELE, GA",GSE,S,0127000,0806500,1032650,1248150,1551250,GA,081,GEORGIA,CRISP,,20250101,0127000,2024
16860,00000,"CHATTANOOGA, TN-GA",GSE,S,0329000,0806500,1032650,1248150,1551250,GA,083,GEORGIA,DADE,,20250101,0329000,2024
12060,00000,"ATLANTA-SANDY SPRINGS-ALPHARETTA, GA",GSE,S,0599000,0806500,1032650,1248150,1551250,GA,085,GEORGIA,DAWSON,,20250101,0599000,2024
12460,00000,"BAINBRIDGE, GA",GSE,S,0144000,0806500,1032650,1248150,1551250,GA,087,GEORGIA,DECATUR,,20250101,0144000,2024
12060,00000,"ATLANTA-SANDY SPRINGS-ALPHARETTA, GA",GSE,S,0599000,0806500,1032650,1248150,1551250,GA,089,GEORGIA,DEKALB,,20250101,0599000,2024
99999,00000,NON-METRO,GSE,S,0107000,0806500,1032650,1248150,1551250,GA,091,GEORGIA,DODGE,,20250101,0107000,2024
99999,00000,NON-METRO,GSE,S,0078000,0806500,1032650,1248150,1551250,GA,093,GEORGIA,DOOLY,,20250101,0089000,2008
10500,00000,"ALBANY, GA",GSE,S,0240000,0806500,1032650,1248150,1551250,GA,095,GEORGIA,DOUGHERTY,,20250101,0240000,2024
12060,00000,"ATLANTA-SANDY SPRINGS-ALPHARETTA, GA",GSE,S,0599000,0806500,1032650,1248150,1551250,GA,097,GEORGIA,DOUGLAS,,20250101,0599000,2024
99999,00000,NON-METRO,GSE,S,0063000,0806500,1032650,1248150,1551250,GA,099,GEORGIA,EARLY,,20250101,0099000,2008
46660,00000,"VALDOSTA, GA",GSE,S,0215000,0806500,1032650,1248150,1551250,GA,101,GEORGIA,ECHOLS,,20250101,0215000,2024
42340,00000,"SAVANNAH, GA",GSE,S,0389000,0806500,1032650,1248150,1551250,GA,103,GEORGIA,EFFINGHAM,,20250101,0389000,2024
99999,00000,NON-METRO,GSE,S,0077000,0806500,1032650,1248150,1551250,GA,105,GEORGIA,ELBERT,,20250101,0103000,2008
99999,00000,NON-METRO,GSE,S,0081000,0806500,1032650,1248150,1551250,GA,107,GEORGIA,EMANUEL,,20250101,0089000,2008
99999,00000,NON-METRO,GSE,S,0080000,0806500,1032650,1248150,1551250,GA,109,GEORGIA,EVANS,,20250101,0122000,2008
99999,00000,NON-METRO,GSE,S,0380000,0806500,1032650,1248150,1551250,GA,111,GEORGIA,FANNIN,,20250101,0380000,2024
12060,00000,"ATLANTA-SANDY SPRINGS-ALPHARETTA, GA",GSE,S,0599000,0806500,1032650,1248150,1551250,GA,113,GEORGIA,FAYETTE,,20250101,0599000,2024
40660,00000,"ROME, GA",GSE,S,0183000,0806500,1032650,1248150,1551250,GA,115,GEORGIA,FLOYD,,20250101,0183000,2024
12060,00000,"ATLANTA-SANDY SPRINGS-ALPHARETTA, GA",GSE,S,0599000,0806500,1032650,1248150,1551250,GA,117,GEORGIA,FORSYTH,,20250101,0599000,2024
99999,00000,NON-METRO,GSE,S,0160000,0806500,1032650,1248150,1551250,GA,119,GEORGIA,FRANKLIN,,20250101,0170000,2023
12060,00000,"ATLANTA-SANDY SPRINGS-ALPHARETTA, GA",GSE,S,0599000,0806500,1032650,1248150,1551250,GA,121,GEORGIA,FULTON,,20250101,0599000,2024
99999,00000,NON-METRO,GSE,S,0175000,0806500,1032650,1248150,1551250,GA,123,GEORGIA,GILMER,,20250101,0176000,2008
99999,00000,NON-METRO,GSE,S,0114000,0806500,1032650,1248150,1551250,GA,125,GEORGIA,GLASCOCK,,20250101,0114000,2024
15260,00000,"BRUNSWICK, GA",GSE,S,0311000,0806500,1032650,1248150,1551250,GA,127,GEORGIA,GLYNN,,20250101,0311000,2024
15660,00000,"CALHOUN, GA",GSE,S,0239000,0806500,1032650,1248150,1551250,GA,129,GEORGIA,GORDON,,20250101,0239000,2024
99999,00000,NON-METRO,GSE,S,0125000,0806500,1032650,1248150,1551250,GA,131,GEORGIA,GRADY,,20250101,0125000,2024
99999,00000,NON-METRO,GSE,S,0483000,0806500,1032650,1248150,1551250,GA,133,GEORGIA,GREENE,,20250101,0483000,2024
12060,00000,"ATLANTA-SANDY SPRINGS-ALPHARETTA, GA",GSE,S,0599000,0806500,1032650,1248150,1551250,GA,135,GEORGIA,GWINNETT,,20250101,0599000,2024
18460,00000,"CORNELIA, GA",GSE,S,0255000,0806500,1032650,1248150,1551250,GA,137,GEORGIA,HABERSHAM,,20250101,0255000,2024
23580,00000,"GAINESVILLE, GA",GSE,S,0367000,0806500,1032650,1248150,1551250,GA,139,GEORGIA,HALL,,20250101,0367000,2024
33300,00000,"MILLEDGEVILLE, GA",GSE,S,0159000,0806500,1032650,1248150,1551250,GA,141,GEORGIA,HANCOCK,,20250101,0166000,2008
12060,00000,"ATLANTA-SANDY SPRINGS-ALPHARETTA, GA",GSE,S,0599000,0806500,1032650,1248150,1551250,GA,143,GEORGIA,HARALSON,,20250101,0599000,2024
17980,00000,"COLUMBUS, GA-AL",GSE,S,0282000,0806500,1032650,1248150,1551250,GA,145,GEORGIA,HARRIS,,20250101,0282000,2024
99999,00000,NON-METRO,GSE,S,0212000,0806500,1032650,1248150,1551250,GA,147,GEORGIA,HART,,20250101,0212000,2024
12060,00000,"ATLANTA-SANDY SPRINGS-ALPHARETTA, GA",GSE,S,0599000,0806500,1032650,1248150,1551250,GA,149,GEORGIA,HEARD,,20250101,0599000,2024
12060,00000,"ATLANTA-SANDY SPRINGS-ALPHARETTA, GA",GSE,S,0599000,0806500,1032650,1248150,1551250,GA,151,GEORGIA,HENRY,,20250101,0599000,2024
47580,00000,"WARNER ROBINS, GA",GSE,S,0249000,0806500,1032650,1248150,1551250,GA,153,GEORGIA,HOUSTON,,20250101,0249000,2024
99999,00000,NON-METRO,GSE,S,0103000,0806500,1032650,1248150,1551250,GA,155,GEORGIA,IRWIN,,20250101,0103000,2024
27600,00000,"JEFFERSON, GA",GSE,S,0380000,0806500,1032650,1248150,1551250,GA,157,GEORGIA,JACKSON,,20250101,0380000,2024
12060,00000,"ATLANTA-SANDY SPRINGS-ALPHARETTA, GA",GSE,S,0599000,0806500,1032650,1248150,1551250,GA,159,GEORGIA,JASPER,,20250101,0599000,2024
99999,00000,NON-METRO,GSE,S,0070000,0806500,1032650,1248150,1551250,GA,161,GEORGIA,JEFF DAVIS,,20250101,0110000,2008
99999,00000,NON-METRO,GSE,S,0060000,0806500,1032650,1248150,1551250,GA,163,GEORGIA,JEFFERSON,,20250101,0085000,2009
99999,00000,NON-METRO,GSE,S,0100000,0806500,1032650,1248150,1551250,GA,165,GEORGIA,JENKINS,,20250101,0100000,2024
20140,00000,"DUBLIN, GA",GSE,S,0113000,0806500,1032650,1248150,1551250,GA,167,GEORGIA,JOHNSON,,20250101,0134000,2008
31420,00000,"MACON-BIBB COUNTY, GA",GSE,S,0248000,0806500,1032650,1248150,1551250,GA,169,GEORGIA,JONES,,20250101,0248000,2024
12060,00000,"ATLANTA-SANDY SPRINGS-ALPHARETTA, GA",GSE,S,0599000,0806500,1032650,1248150,1551250,GA,171,GEORGIA,LAMAR,,20250101,0599000,2024
46660,00000,"VALDOSTA, GA",GSE,S,0215000,0806500,1032650,1248150,1551250,GA,173,GEORGIA,LANIER,,20250101,0215000,2024
20140,00000,"DUBLIN, GA",GSE,S,0113000,0806500,1032650,1248150,1551250,GA,175,GEORGIA,LAURENS,,20250101,0134000,2008
10500,00000,"ALBANY, GA",GSE,S,0240000,0806500,1032650,1248150,1551250,GA,177,GEORGIA,LEE,,20250101,0240000,2024
25980,00000,"HINESVILLE, GA",GSE,S,0260000,0806500,1032650,1248150,1551250,GA,179,GEORGIA,LIBERTY,,20250101,0260000,2024
12260,00000,"AUGUSTA-RICHMOND COUNTY, GA-SC",GSE,S,0292000,0806500,1032650,1248150,1551250,GA,181,GEORGIA,LINCOLN,,20250101,0297000,2023
25980,00000,"HINESVILLE, GA",GSE,S,0260000,0806500,1032650,1248150,1551250,GA,183,GEORGIA,LONG,,20250101,0260000,2024
46660,00000,"VALDOSTA, GA",GSE,S,0215000,0806500,1032650,1248150,1551250,GA,185,GEORGIA,LOWNDES,,20250101,0215000,2024
99999,00000,NON-METRO,GSE,S,0310000,0806500,1032650,1248150,1551250,GA,187,GEORGIA,LUMPKIN,,20250101,0310000,2024
12260,00000,"AUGUSTA-RICHMOND COUNTY, GA-SC",GSE,S,0292000,0806500,1032650,1248150,1551250,GA,189,GEORGIA,MCDUFFIE,,20250101,0297000,2023
15260,00000,"BRUNSWICK, GA",GSE,S,0311000,0806500,1032650,1248150,1551250,GA,191,GEORGIA,MCINTOSH,,20250101,0311000,2024
99999,00000,NON-METRO,GSE,S,0045000,0806500,1032650,1248150,1551250,GA,193,GEORGIA,MACON,,20250101,0100000,2008
12020,00000,"ATHENS-CLARKE COUNTY, GA",GSE,S,0525000,0806500,1032650,1248150,1551250,GA,195,GEORGIA,MADISON,,20250101,0525000,2024
17980,00000,"COLUMBUS, GA-AL",GSE,S,0282000,0806500,1032650,1248150,1551250,GA,197,GEORGIA,MARION,,20250101,0282000,2024
12060,00000,"ATLANTA-SANDY SPRINGS-ALPHARETTA, GA",GSE,S,0599000,0806500,1032650,1248150,1551250,GA,199,GEORGIA,MERIWETHER,,20250101,0599000,2024
99999,00000,NON-METRO,GSE,S,0090000,0806500,1032650,1248150,1551250,GA,201,GEORGIA,MILLER,,20250101,0118000,2008
99999,00000,NON-METRO,GSE,S,0081000,0806500,1032650,1248150,1551250,GA,205,GEORGIA,MITCHELL,,20250101,0098000,2008
31420,00000,"MACON-BIBB COUNTY, GA",GSE,S,0248000,0806500,1032650,1248150,1551250,GA,207,GEORGIA,MONROE,,20250101,0248000,2024
47080,00000,"VIDALIA, GA",GSE,S,0096000,0806500,1032650,1248150,1551250,GA,209,GEORGIA,MONTGOMERY,,20250101,0117000,2008
12060,00000,"ATLANTA-SANDY SPRINGS-ALPHARETTA, GA",GSE,S,0599000,0806500,1032650,1248150,1551250,GA,211,GEORGIA,MORGAN,,20250101,0599000,2024
19140,00000,"DALTON, GA",GSE,S,0215000,0806500,1032650,1248150,1551250,GA,213,GEORGIA,MURRAY,,20250101,0215000,2024
17980,00000,"COLUMBUS, GA-AL",GSE,S,0282000,0806500,1032650,1248150,1551250,GA,215,GEORGIA,MUSCOGEE,,20250101,0282000,2024
12060,00000,"ATLANTA-SANDY SPRINGS-ALPHARETTA, GA",GSE,S,0599000,0806500,1032650,1248150,1551250,GA,217,GEORGIA,NEWTON,,20250101,0599000,2024
12020,00000,"ATHENS-CLARKE COUNTY, GA",GSE,S,0525000,0806500,1032650,1248150,1551250,GA,219,GEORGIA,OCONEE,,20250101,0525000,2024
12020,00000,"ATHENS-CLARKE COUNTY, GA",GSE,S,0525000,0806500,1032650,1248150,1551250,GA,221,GEORGIA,OGLETHORPE,,20250101,0525000,2024
12060,00000,"ATLANTA-SANDY SPRINGS-ALPHARETTA, GA",GSE,S,0599000,0806500,1032650,1248150,1551250,GA,223,GEORGIA,PAULDING,,20250101,0599000,2024
47580,00000,"WARNER ROBINS, GA",GSE,S,0249000,0806500,1032650,1248150,1551250,GA,225,GEORGIA,PEACH,,20250101,0249000,2024
12060,00000,"ATLANTA-SANDY SPRINGS-ALPHARETTA, GA",GSE,S,0599000,0806500,1032650,1248150,1551250,GA,227,GEORGIA,PICKENS,,20250101,0599000,2024
48180,00000,"WAYCROSS, GA",GSE,S,0125000,0806500,1032650,1248150,1551250,GA,229,GEORGIA,PIERCE,,20250101,0139000,2022
12060,00000,"ATLANTA-SANDY SPRINGS-ALPHARETTA, GA",GSE,S,0599000,0806500,1032650,1248150,1551250,GA,231,GEORGIA,PIKE,,20250101,0599000,2024
16340,00000,"CEDARTOWN, GA",GSE,S,0170000,0806500,1032650,1248150,1551250,GA,233,GEORGIA,POLK,,20250101,0179000,2023
99999,00000,NON-METRO,GSE,S,0112000,0806500,1032650,1248150,1551250,GA,235,GEORGIA,PULASKI,,20250101,0130000,2023
99999,00000,NON-METRO,GSE,S,0270000,0806500,1032650,1248150,1551250,GA,237,GEORGIA,PUTNAM,,20250101,0270000,2024
21640,00000,"EUFAULA, AL-GA",GSE,S,0143000,0806500,1032650,1248150,1551250,GA,239,GEORGIA,QUITMAN,,20250101,0143000,2024
99999,00000,NON-METRO,GSE,S,0272000,0806500,1032650,1248150,1551250,GA,241,GEORGIA,RABUN,,20250101,0272000,2024
99999,00000,NON-METRO,GSE,S,0050000,0806500,1032650,1248150,1551250,GA,243,GEORGIA,RANDOLPH,,20250101,0097000,2008
12260,00000,"AUGUSTA-RICHMOND COUNTY, GA-SC",GSE,S,0292000,0806500,1032650,1248150,1551250,GA,245,GEORGIA,RICHMOND,,20250101,0297000,2023
12060,00000,"ATLANTA-SANDY SPRINGS-ALPHARETTA, GA",GSE,S,0599000,0806500,1032650,1248150,1551250,GA,247,GEORGIA,ROCKDALE,,20250101,0599000,2024
11140,00000,"AMERICUS, GA",GSE,S,0080000,0806500,1032650,1248150,1551250,GA,249,GEORGIA,SCHLEY,,20250101,0130000,2023
99999,00000,NON-METRO,GSE,S,0080000,0806500,1032650,1248150,1551250,GA,251,GEORGIA,SCREVEN,,20250101,0098000,2008
99999,00000,NON-METRO,GSE,S,0118000,0806500,1032650,1248150,1551250,GA,253,GEORGIA,SEMINOLE,,20250101,0118000,2024
12060,00000,"ATLANTA-SANDY SPRINGS-ALPHARETTA, GA",GSE,S,0599000,0806500,1032650,1248150,1551250,GA,255,GEORGIA,SPALDING,,20250101,0599000,2024
45740,00000,"TOCCOA, GA",GSE,S,0175000,0806500,1032650,1248150,1551250,GA,257,GEORGIA,STEPHENS,,20250101,0175000,2024
17980,00000,"COLUMBUS, GA-AL",GSE,S,0282000,0806500,1032650,1248150,1551250,GA,259,GEORGIA,STEWART,,20250101,0282000,2024
11140,00000,"AMERICUS, GA",GSE,S,0080000,0806500,1032650,1248150,1551250,GA,261,GEORGIA,SUMTER,,20250101,0130000,2023
17980,00000,"COLUMBUS, GA-AL",GSE,S,0282000,0806500,1032650,1248150,1551250,GA,263,GEORGIA,TALBOT,,20250101,0282000,2024
99999,00000,NON-METRO,GSE,S,0121000,0806500,1032650,1248150,1551250,GA,265,GEORGIA,TALIAFERRO,,20250101,0121000,2024
99999,00000,NON-METRO,GSE,S,0090000,0806500,1032650,1248150,1551250,GA,267,GEORGIA,TATTNALL,,20250101,0119000,2008
99999,00000,NON-METRO,GSE,S,0050000,0806500,1032650,1248150,1551250,GA,269,GEORGIA,TAYLOR,,20250101,0110000,2008
99999,00000,NON-METRO,GSE,S,0050000,0806500,1032650,1248150,1551250,GA,271,GEORGIA,TELFAIR,,20250101,0083000,2008
10500,00000,"ALBANY, GA",GSE,S,0240000,0806500,1032650,1248150,1551250,GA,273,GEORGIA,TERRELL,,20250101,0240000,2024
45620,00000,"THOMASVILLE, GA",GSE,S,0200000,0806500,1032650,1248150,1551250,GA,275,GEORGIA,THOMAS,,20250101,0200000,2024
45700,00000,"TIFTON, GA",GSE,S,0159000,0806500,1032650,1248150,1551250,GA,277,GEORGIA,TIFT,,20250101,0169000,2022
47080,00000,"VIDALIA, GA",GSE,S,0096000,0806500,1032650,1248150,1551250,GA,279,GEORGIA,TOOMBS,,20250101,0117000,2008
99999,00000,NON-METRO,GSE,S,0200000,0806500,1032650,1248150,1551250,GA,281,GEORGIA,TOWNS,,20250101,0211000,2008
20140,00000,"DUBLIN, GA",GSE,S,0113000,0806500,1032650,1248150,1551250,GA,283,GEORGIA,TREUTLEN,,20250101,0134000,2008
29300,00000,"LAGRANGE, GA-AL",GSE,S,0207000,0806500,1032650,1248150,1551250,GA,285,GEORGIA,TROUP,,20250101,0207000,2024
99999,00000,NON-METRO,GSE,S,0110000,0806500,1032650,1248150,1551250,GA,287,GEORGIA,TURNER,,20250101,0110000,2024
31420,00000,"MACON-BIBB COUNTY, GA",GSE,S,0248000,0806500,1032650,1248150,1551250,GA,289,GEORGIA,TWIGGS,,20250101,0248000,2024
99999,00000,NON-METRO,GSE,S,0160000,0806500,1032650,1248150,1551250,GA,291,GEORGIA,UNION,,20250101,0175000,2023
45580,00000,"THOMASTON, GA",GSE,S,0144000,0806500,1032650,1248150,1551250,GA,293,GEORGIA,UPSON,,20250101,0144000,2024
16860,00000,"CHATTANOOGA, TN-GA",GSE,S,0329000,0806500,1032650,1248150,1551250,GA,295,GEORGIA,WALKER,,20250101,0329000,2024
12060,00000,"ATLANTA-SANDY SPRINGS-ALPHARETTA, GA",GSE,S,0599000,0806500,1032650,1248150,1551250,GA,297,GEORGIA,WALTON,,20250101,0599000,2024
48180,00000,"WAYCROSS, GA",GSE,S,0125000,0806500,1032650,1248150,1551250,GA,299,GEORGIA,WARE,,20250101,0139000,2022
99999,00000,NON-METRO,GSE,S,0050000,0806500,1032650,1248150,1551250,GA,301,GEORGIA,WARREN,,20250101,0143000,2008
99999,00000,NON-METRO,GSE,S,0091000,0806500,1032650,1248150,1551250,GA,303,GEORGIA,WASHINGTON,,20250101,0106000,2008
27700,00000,"JESUP, GA",GSE,S,0150000,0806500,1032650,1248150,1551250,GA,305,GEORGIA,WAYNE,,20250101,0150000,2024
99999,00000,NON-METRO,GSE,S,0050000,0806500,1032650,1248150,1551250,GA,307,GEORGIA,WEBSTER,,20250101,0089000,2023
99999,00000,NON-METRO,GSE,S,0100000,0806500,1032650,1248150,1551250,GA,309,GEORGIA,WHEELER,,20250101,0100000,2024
99999,00000,NON-METRO,GSE,S,0265000,0806500,1032650,1248150,1551250,GA,311,GEORGIA,WHITE,,20250101,0265000,2024
19140,00000,"DALTON, GA",GSE,S,0215000,0806500,1032650,1248150,1551250,GA,313,GEORGIA,WHITFIELD,,20250101,0215000,2024
99999,00000,NON-METRO,GSE,S,0045000,0806500,1032650,1248150,1551250,GA,315,GEORGIA,WILCOX,,20250101,0098000,2008
99999,00000,NON-METRO,GSE,S,0095000,0806500,1032650,1248150,1551250,GA,317,GEORGIA,WILKES,,20250101,0101000,2008
99999,00000,NON-METRO,GSE,S,0059000,0806500,1032650,1248150,1551250,GA,319,GEORGIA,WILKINSON,,20250101,0119000,2008
10500,00000,"ALBANY, GA",GSE,S,0240000,0806500,1032650,1248150,1551250,GA,321,GEORGIA,WORTH,,20250101,0240000,2024
99999,00000,NON-METRO,GSE,S,0421000,1209750,1548975,1872225,2326875,GU,010,GUAM,GUAM,,20250101,0490000,2008
25900,00000,"HILO, HI",GSE,S,0497000,1209750,1548975,1872225,2326875,HI,001,HAWAII,HAWAII,,20250101,0497000,2024
46520,00000,"URBAN HONOLULU, HI",GSE,S,0664000,1209750,1548975,1872225,2326875,HI,003,HAWAII,HONOLULU,,20250101,0678000,2023
99999,00000,NON-METRO,GSE,S,0956000,1209750,1548975,1872225,2326875,HI,005,HAWAII,KALAWAO,,20250101,0956000,2024
28180,00000,"KAPAA, HI",GSE,S,0966000,1209750,1548975,1872225,2326875,HI,007,HAWAII,KAUAI,,20250101,0966000,2024
27980,00000,"KAHULUI-WAILUKU-LAHAINA, HI",GSE,S,0956000,1209750,1548975,1872225,2326875,HI,009,HAWAII,MAUI,,20250101,0956000,2024
99999,00000,NON-METRO,GSE,S,0075000,0806500,1032650,1248150,1551250,IA,001,IOWA,ADAIR,,20250101,0123000,2021
99999,00000,NON-METRO,GSE,S,0082000,0806500,1032650,1248150,1551250,IA,003,IOWA,ADAMS,,20250101,0103000,2021
99999,00000,NON-METRO,GSE,S,0144000,0806500,1032650,1248150,1551250,IA,005,IOWA,ALLAMAKEE,,20250101,0144000,2024
99999,00000,NON-METRO,GSE,S,0084000,0806500,1032650,1248150,1551250,IA,007,IOWA,APPANOOSE,,20250101,0088000,2023
99999,00000,NON-METRO,GSE,S,0085000,0806500,1032650,1248150,1551250,IA,009,IOWA,AUDUBON,,20250101,0093000,2021
16300,00000,"CEDAR RAPIDS, IA",GSE,S,0207000,0806500,1032650,1248150,1551250,IA,011,IOWA,BENTON,,20250101,0207000,2024
47940,00000,"WATERLOO-CEDAR FALLS, IA",GSE,S,0191000,0806500,1032650,1248150,1551250,IA,013,IOWA,BLACK HAWK,,20250101,0191000,2024
11180,00000,"AMES, IA",GSE,S,0260000,0806500,1032650,1248150,1551250,IA,015,IOWA,BOONE,,20250101,0260000,2024
47940,00000,"WATERLOO-CEDAR FALLS, IA",GSE,S,0191000,0806500,1032650,1248150,1551250,IA,017,IOWA,BREMER,,20250101,0191000,2024
99999,00000,NON-METRO,GSE,S,0166000,0806500,1032650,1248150,1551250,IA,019,IOWA,BUCHANAN,,20250101,0166000,2024
44740,00000,"STORM LAKE, IA",GSE,S,0162000,0806500,1032650,1248150,1551250,IA,021,IOWA,BUENA VISTA,,20250101,0162000,2024
99999,00000,NON-METRO,GSE,S,0138000,0806500,1032650,1248150,1551250,IA,023,IOWA,BUTLER,,20250101,0138000,2024
99999,00000,NON-METRO,GSE,S,0106000,0806500,1032650,1248150,1551250,IA,025,IOWA,CALHOUN,,20250101,0106000,2024
16140,00000,"CARROLL, IA",GSE,S,0150000,0806500,1032650,1248150,1551250,IA,027,IOWA,CARROLL,,20250101,0150000,2023
99999,00000,NON-METRO,GSE,S,0107000,0806500,1032650,1248150,1551250,IA,029,IOWA,CASS,,20250101,0107000,2024
99999,00000,NON-METRO,GSE,S,0185000,0806500,1032650,1248150,1551250,IA,031,IOWA,CEDAR,,20250101,0187000,2023
32380,00000,"MASON CITY, IA",GSE,S,0155000,0806500,1032650,1248150,1551250,IA,033,IOWA,CERRO GORDO,,20250101,0155000,2024
99999,00000,NON-METRO,GSE,S,0126000,0806500,1032650,1248150,1551250,IA,035,IOWA,CHEROKEE,,20250101,0126000,2024
99999,00000,NON-METRO,GSE,S,0120000,0806500,1032650,1248150,1551250,IA,037,IOWA,CHICKASAW,,20250101,0130000,2023
99999,00000,NON-METRO,GSE,S,0125000,0806500,1032650,1248150,1551250,IA,039,IOWA,CLARKE,,20250101,0129000,2021
43980,00000,"SPENCER, IA",GSE,S,0160000,0806500,1032650,1248150,1551250,IA,041,IOWA,CLAY,,20250101,0160000,2024
99999,00000,NON-METRO,GSE,S,0113000,0806500,1032650,1248150,1551250,IA,043,IOWA,CLAYTON,,20250101,0129000,2023
17540,00000,"CLINTON, IA",GSE,S,0118000,0806500,1032650,1248150,1551250,IA,045,IOWA,CLINTON,,20250101,0121000,2022
99999,00000,NON-METRO,GSE,S,0128000,0806500,1032650,1248150,1551250,IA,047,IOWA,CRAWFORD,,20250101,0128000,2024
19780,00000,"DES MOINES-WEST DES MOINES, IA",GSE,S,0345000,0806500,1032650,1248150,1551250,IA,049,IOWA,DALLAS,,20250101,0345000,2024
99999,00000,NON-METRO,GSE,S,0125000,0806500,1032650,1248150,1551250,IA,051,IOWA,DAVIS,,20250101,0145000,2020
99999,00000,NON-METRO,GSE,S,0064000,0806500,1032650,1248150,1551250,IA,053,IOWA,DECATUR,,20250101,0103000,2013
99999,00000,NON-METRO,GSE,S,0180000,0806500,1032650,1248150,1551250,IA,055,IOWA,DELAWARE,,20250101,0180000,2024
15460,00000,"BURLINGTON, IA-IL",GSE,S,0131000,0806500,1032650,1248150,1551250,IA,057,IOWA,DES MOINES,,20250101,0189000,2022
44020,00000,"SPIRIT LAKE, IA",GSE,S,0320000,0806500,1032650,1248150,1551250,IA,059,IOWA,DICKINSON,,20250101,0320000,2024
20220,00000,"DUBUQUE, IA",GSE,S,0215000,0806500,1032650,1248150,1551250,IA,061,IOWA,DUBUQUE,,20250101,0215000,2024
99999,00000,NON-METRO,GSE,S,0104000,0806500,1032650,1248150,1551250,IA,063,IOWA,EMMET,,20250101,0104000,2024
99999,00000,NON-METRO,GSE,S,0098000,0806500,1032650,1248150,1551250,IA,065,IOWA,FAYETTE,,20250101,0098000,2024
99999,00000,NON-METRO,GSE,S,0115000,0806500,1032650,1248150,1551250,IA,067,IOWA,FLOYD,,20250101,0115000,2024
99999,00000,NON-METRO,GSE,S,0108000,0806500,1032650,1248150,1551250,IA,069,IOWA,FRANKLIN,,20250101,0108000,2024
99999,00000,NON-METRO,GSE,S,0122000,0806500,1032650,1248150,1551250,IA,071,IOWA,FREMONT,,20250101,0128000,2021
99999,00000,NON-METRO,GSE,S,0106000,0806500,1032650,1248150,1551250,IA,073,IOWA,GREENE,,20250101,0106000,2024
47940,00000,"WATERLOO-CEDAR FALLS, IA",GSE,S,0191000,0806500,1032650,1248150,1551250,IA,075,IOWA,GRUNDY,,20250101,0191000,2024
19780,00000,"DES MOINES-WEST DES MOINES, IA",GSE,S,0345000,0806500,1032650,1248150,1551250,IA,077,IOWA,GUTHRIE,,20250101,0345000,2024
99999,00000,NON-METRO,GSE,S,0125000,0806500,1032650,1248150,1551250,IA,079,IOWA,HAMILTON,,20250101,0155000,2021
99999,00000,NON-METRO,GSE,S,0115000,0806500,1032650,1248150,1551250,IA,081,IOWA,HANCOCK,,20250101,0127000,2023
99999,00000,NON-METRO,GSE,S,0093000,0806500,1032650,1248150,1551250,IA,083,IOWA,HARDIN,,20250101,0101000,2017
36540,00000,"OMAHA-COUNCIL BLUFFS, NE-IA",GSE,S,0335000,0806500,1032650,1248150,1551250,IA,085,IOWA,HARRISON,,20250101,0335000,2024
99999,00000,NON-METRO,GSE,S,0135000,0806500,1032650,1248150,1551250,IA,087,IOWA,HENRY,,20250101,0146000,2023
99999,00000,NON-METRO,GSE,S,0126000,0806500,1032650,1248150,1551250,IA,089,IOWA,HOWARD,,20250101,0127000,2023
99999,00000,NON-METRO,GSE,S,0120000,0806500,1032650,1248150,1551250,IA,091,IOWA,HUMBOLDT,,20250101,0137000,2023
99999,00000,NON-METRO,GSE,S,0090000,0806500,1032650,1248150,1551250,IA,093,IOWA,IDA,,20250101,0113000,2021
99999,00000,NON-METRO,GSE,S,0154000,0806500,1032650,1248150,1551250,IA,095,IOWA,IOWA,,20250101,0154000,2024
99999,00000,NON-METRO,GSE,S,0132000,0806500,1032650,1248150,1551250,IA,097,IOWA,JACKSON,,20250101,0134000,2023
19780,00000,"DES MOINES-WEST DES MOINES, IA",GSE,S,0345000,0806500,1032650,1248150,1551250,IA,099,IOWA,JASPER,,20250101,0345000,2024
21840,00000,"FAIRFIELD, IA",GSE,S,0143000,0806500,1032650,1248150,1551250,IA,101,IOWA,JEFFERSON,,20250101,0143000,2024
26980,00000,"IOWA CITY, IA",GSE,S,0330000,0806500,1032650,1248150,1551250,IA,103,IOWA,JOHNSON,,20250101,0330000,2024
16300,00000,"CEDAR RAPIDS, IA",GSE,S,0207000,0806500,1032650,1248150,1551250,IA,105,IOWA,JONES,,20250101,0207000,2024
99999,00000,NON-METRO,GSE,S,0095000,0806500,1032650,1248150,1551250,IA,107,IOWA,KEOKUK,,20250101,0095000,2023
99999,00000,NON-METRO,GSE,S,0110000,0806500,1032650,1248150,1551250,IA,109,IOWA,KOSSUTH,,20250101,0110000,2024
22800,00000,"FORT MADISON-KEOKUK, IA-IL-MO",GSE,S,0125000,0806500,1032650,1248150,1551250,IA,111,IOWA,LEE,,20250101,0125000,2024
16300,00000,"CEDAR RAPIDS, IA",GSE,S,0207000,0806500,1032650,1248150,1551250,IA,113,IOWA,LINN,,20250101,0207000,2024
99999,00000,NON-METRO,GSE,S,0096000,0806500,1032650,1248150,1551250,IA,115,IOWA,LOUISA,,20250101,0107000,2017
99999,00000,NON-METRO,GSE,S,0120000,0806500,1032650,1248150,1551250,IA,117,IOWA,LUCAS,,20250101,0120000,2024
99999,00000,NON-METRO,GSE,S,0167000,0806500,1032650,1248150,1551250,IA,119,IOWA,LYON,,20250101,0167000,2024
19780,00000,"DES MOINES-WEST DES MOINES, IA",GSE,S,0345000,0806500,1032650,1248150,1551250,IA,121,IOWA,MADISON,,20250101,0345000,2024
36820,00000,"OSKALOOSA, IA",GSE,S,0136000,0806500,1032650,1248150,1551250,IA,123,IOWA,MAHASKA,,20250101,0139000,2017
37800,00000,"PELLA, IA",GSE,S,0200000,0806500,1032650,1248150,1551250,IA,125,IOWA,MARION,,20250101,0200000,2024
32260,00000,"MARSHALLTOWN, IA",GSE,S,0125000,0806500,1032650,1248150,1551250,IA,127,IOWA,MARSHALL,,20250101,0127000,2023
36540,00000,"OMAHA-COUNCIL BLUFFS, NE-IA",GSE,S,0335000,0806500,1032650,1248150,1551250,IA,129,IOWA,MILLS,,20250101,0335000,2024
99999,00000,NON-METRO,GSE,S,0164000,0806500,1032650,1248150,1551250,IA,131,IOWA,MITCHELL,,20250101,0164000,2024
99999,00000,NON-METRO,GSE,S,0080000,0806500,1032650,1248150,1551250,IA,133,IOWA,MONONA,,20250101,0105000,2023
99999,00000,NON-METRO,GSE,S,0096000,0806500,1032650,1248150,1551250,IA,135,IOWA,MONROE,,20250101,0103000,2017
99999,00000,NON-METRO,GSE,S,0085000,0806500,1032650,1248150,1551250,IA,137,IOWA,MONTGOMERY,,20250101,0100000,2021
34700,00000,"MUSCATINE, IA",GSE,S,0155000,0806500,1032650,1248150,1551250,IA,139,IOWA,MUSCATINE,,20250101,0155000,2024
99999,00000,NON-METRO,GSE,S,0135000,0806500,1032650,1248150,1551250,IA,141,IOWA,O'BRIEN,,20250101,0135000,2024
99999,00000,NON-METRO,GSE,S,0105000,0806500,1032650,1248150,1551250,IA,143,IOWA,OSCEOLA,,20250101,0110000,2021
99999,00000,NON-METRO,GSE,S,0103000,0806500,1032650,1248150,1551250,IA,145,IOWA,PAGE,,20250101,0103000,2024
99999,00000,NON-METRO,GSE,S,0119000,0806500,1032650,1248150,1551250,IA,147,IOWA,PALO ALTO,,20250101,0119000,2024
99999,00000,NON-METRO,GSE,S,0200000,0806500,1032650,1248150,1551250,IA,149,IOWA,PLYMOUTH,,20250101,0200000,2024
99999,00000,NON-METRO,GSE,S,0075000,0806500,1032650,1248150,1551250,IA,151,IOWA,POCAHONTAS,,20250101,0075000,2024
19780,00000,"DES MOINES-WEST DES MOINES, IA",GSE,S,0345000,0806500,1032650,1248150,1551250,IA,153,IOWA,POLK,,20250101,0345000,2024
36540,00000,"OMAHA-COUNCIL BLUFFS, NE-IA",GSE,S,0335000,0806500,1032650,1248150,1551250,IA,155,IOWA,POTTAWATTAMIE,,20250101,0335000,2024
99999,00000,NON-METRO,GSE,S,0163000,0806500,1032650,1248150,1551250,IA,157,IOWA,POWESHIEK,,20250101,0163000,2024
99999,00000,NON-METRO,GSE,S,0098000,0806500,1032650,1248150,1551250,IA,159,IOWA,RINGGOLD,,20250101,0106000,2008
99999,00000,NON-METRO,GSE,S,0105000,0806500,1032650,1248150,1551250,IA,161,IOWA,SAC,,20250101,0105000,2024
19340,00000,"DAVENPORT-MOLINE-ROCK ISLAND, IA-IL",GSE,S,0215000,0806500,1032650,1248150,1551250,IA,163,IOWA,SCOTT,,20250101,0215000,2024
99999,00000,NON-METRO,GSE,S,0141000,0806500,1032650,1248150,1551250,IA,165,IOWA,SHELBY,,20250101,0145000,2023
99999,00000,NON-METRO,GSE,S,0225000,0806500,1032650,1248150,1551250,IA,167,IOWA,SIOUX,,20250101,0225000,2024
11180,00000,"AMES, IA",GSE,S,0260000,0806500,1032650,1248150,1551250,IA,169,IOWA,STORY,,20250101,0260000,2024
99999,00000,NON-METRO,GSE,S,0125000,0806500,1032650,1248150,1551250,IA,171,IOWA,TAMA,,20250101,0125000,2024
99999,00000,NON-METRO,GSE,S,0079000,0806500,1032650,1248150,1551250,IA,173,IOWA,TAYLOR,,20250101,0079000,2024
99999,00000,NON-METRO,GSE,S,0097000,0806500,1032650,1248150,1551250,IA,175,IOWA,UNION,,20250101,0097000,2024
99999,00000,NON-METRO,GSE,S,0084000,0806500,1032650,1248150,1551250,IA,177,IOWA,VAN BUREN,,20250101,0084000,2024
36900,00000,"OTTUMWA, IA",GSE,S,0100000,0806500,1032650,1248150,1551250,IA,179,IOWA,WAPELLO,,20250101,0100000,2024
19780,00000,"DES MOINES-WEST DES MOINES, IA",GSE,S,0345000,0806500,1032650,1248150,1551250,IA,181,IOWA,WARREN,,20250101,0345000,2024
26980,00000,"IOWA CITY, IA",GSE,S,0330000,0806500,1032650,1248150,1551250,IA,183,IOWA,WASHINGTON,,20250101,0330000,2024
99999,00000,NON-METRO,GSE,S,0085000,0806500,1032650,1248150,1551250,IA,185,IOWA,WAYNE,,20250101,0100000,2021
22700,00000,"FORT DODGE, IA",GSE,S,0117000,0806500,1032650,1248150,1551250,IA,187,IOWA,WEBSTER,,20250101,0117000,2024
99999,00000,NON-METRO,GSE,S,0117000,0806500,1032650,1248150,1551250,IA,189,IOWA,WINNEBAGO,,20250101,0122000,2023
99999,00000,NON-METRO,GSE,S,0216000,0806500,1032650,1248150,1551250,IA,191,IOWA,WINNESHIEK,,20250101,0216000,2024
43580,00000,"SIOUX CITY, IA-NE-SD",GSE,S,0262000,0806500,1032650,1248150,1551250,IA,193,IOWA,WOODBURY,,20250101,0359000,2023
32380,00000,"MASON CITY, IA",GSE,S,0155000,0806500,1032650,1248150,1551250,IA,195,IOWA,WORTH,,20250101,0155000,2024
99999,00000,NON-METRO,GSE,S,0085000,0806500,1032650,1248150,1551250,IA,197,IOWA,WRIGHT,,20250101,0085000,2024
14260,00000,"BOISE CITY, ID",GSE,S,0488000,0806500,1032650,1248150,1551250,ID,001,IDAHO,ADA,,20250101,0510000,2022
99999,00000,NON-METRO,GSE,S,0299000,0806500,1032650,1248150,1551250,ID,003,IDAHO,ADAMS,,20250101,0299000,2024
38540,00000,"POCATELLO, ID",GSE,S,0320000,0806500,1032650,1248150,1551250,ID,005,IDAHO,BANNOCK,,20250101,0320000,2024
99999,00000,NON-METRO,GSE,S,0270000,0806500,1032650,1248150,1551250,ID,007,IDAHO,BEAR LAKE,,20250101,0308000,2022
99999,00000,NON-METRO,GSE,S,0238000,0806500,1032650,1248150,1551250,ID,009,IDAHO,BENEWAH,,20250101,0238000,2023
13940,00000,"BLACKFOOT, ID",GSE,S,0324000,0806500,1032650,1248150,1551250,ID,011,IDAHO,BINGHAM,,20250101,0324000,2024
25200,00000,"HAILEY, ID",GSE,S,0627000,0806500,1032650,1248150,1551250,ID,013,IDAHO,BLAINE,,20250101,0660000,2023
14260,00000,"BOISE CITY, ID",GSE,S,0488000,0806500,1032650,1248150,1551250,ID,015,IDAHO,BOISE,,20250101,0510000,2022
41760,00000,"SANDPOINT, ID",GSE,S,0431000,0806500,1032650,1248150,1551250,ID,017,IDAHO,BONNER,,20250101,0455000,2022
26820,00000,"IDAHO FALLS, ID",GSE,S,0415000,0806500,1032650,1248150,1551250,ID,019,IDAHO,BONNEVILLE,,20250101,0415000,2024
99999,00000,NON-METRO,GSE,S,0351000,0806500,1032650,1248150,1551250,ID,021,IDAHO,BOUNDARY,,20250101,0365000,2022
26820,00000,"IDAHO FALLS, ID",GSE,S,0415000,0806500,1032650,1248150,1551250,ID,023,IDAHO,BUTTE,,20250101,0415000,2024
25200,00000,"HAILEY, ID",GSE,S,0627000,0806500,1032650,1248150,1551250,ID,025,IDAHO,CAMAS,,20250101,0660000,2023
14260,00000,"BOISE CITY, ID",GSE,S,0488000,0806500,1032650,1248150,1551250,ID,027,IDAHO,CANYON,,20250101,0510000,2022
99999,00000,NON-METRO,GSE,S,0278000,0806500,1032650,1248150,1551250,ID,029,IDAHO,CARIBOU,,20250101,0278000,2024
15420,00000,"BURLEY, ID",GSE,S,0310000,0806500,1032650,1248150,1551250,ID,031,IDAHO,CASSIA,,20250101,0310000,2024
99999,00000,NON-METRO,GSE,S,0213000,0806500,1032650,1248150,1551250,ID,033,IDAHO,CLARK,,20250101,0250000,2022
99999,00000,NON-METRO,GSE,S,0241000,0806500,1032650,1248150,1551250,ID,035,IDAHO,CLEARWATER,,20250101,0241000,2024
99999,00000,NON-METRO,GSE,S,0290000,0806500,1032650,1248150,1551250,ID,037,IDAHO,CUSTER,,20250101,0290000,2024
34300,00000,"MOUNTAIN HOME, ID",GSE,S,0332000,0806500,1032650,1248150,1551250,ID,039,IDAHO,ELMORE,,20250101,0332000,2024
30860,00000,"LOGAN, UT-ID",GSE,S,0422000,0806500,1032650,1248150,1551250,ID,041,IDAHO,FRANKLIN,,20250101,0430000,2023
39940,00000,"REXBURG, ID",GSE,S,0386000,0806500,1032650,1248150,1551250,ID,043,IDAHO,FREMONT,,20250101,0386000,2024
14260,00000,"BOISE CITY, ID",GSE,S,0488000,0806500,1032650,1248150,1551250,ID,045,IDAHO,GEM,,20250101,0510000,2022
99999,00000,NON-METRO,GSE,S,0281000,0806500,1032650,1248150,1551250,ID,047,IDAHO,GOODING,,20250101,0281000,2024
99999,00000,NON-METRO,GSE,S,0259000,0806500,1032650,1248150,1551250,ID,049,IDAHO,IDAHO,,20250101,0259000,2024
26820,00000,"IDAHO FALLS, ID",GSE,S,0415000,0806500,1032650,1248150,1551250,ID,051,IDAHO,JEFFERSON,,20250101,0415000,2024
46300,00000,"TWIN FALLS, ID",GSE,S,0332000,0806500,1032650,1248150,1551250,ID,053,IDAHO,JEROME,,20250101,0332000,2022
17660,00000,"COEUR D'ALENE, ID",GSE,S,0480000,0806500,1032650,1248150,1551250,ID,055,IDAHO,KOOTENAI,,20250101,0498000,2022
34140,00000,"MOSCOW, ID",GSE,S,0412000,0806500,1032650,1248150,1551250,ID,057,IDAHO,LATAH,,20250101,0414000,2023
99999,00000,NON-METRO,GSE,S,0275000,0806500,1032650,1248150,1551250,ID,059,IDAHO,LEMHI,,20250101,0286000,2022
99999,00000,NON-METRO,GSE,S,0216000,0806500,1032650,1248150,1551250,ID,061,IDAHO,LEWIS,,20250101,0236000,2023
99999,00000,NON-METRO,GSE,S,0236000,0806500,1032650,1248150,1551250,ID,063,IDAHO,LINCOLN,,20250101,0562000,2013
39940,00000,"REXBURG, ID",GSE,S,0386000,0806500,1032650,1248150,1551250,ID,065,IDAHO,MADISON,,20250101,0386000,2024
15420,00000,"BURLEY, ID",GSE,S,0310000,0806500,1032650,1248150,1551250,ID,067,IDAHO,MINIDOKA,,20250101,0310000,2024
30300,00000,"LEWISTON, ID-WA",GSE,S,0337000,0806500,1032650,1248150,1551250,ID,069,IDAHO,NEZ PERCE,,20250101,0337000,2024
99999,00000,NON-METRO,GSE,S,0257000,0806500,1032650,1248150,1551250,ID,071,IDAHO,ONEIDA,,20250101,0308000,2023
14260,00000,"BOISE CITY, ID",GSE,S,0488000,0806500,1032650,1248150,1551250,ID,073,IDAHO,OWYHEE,,20250101,0510000,2022
36620,00000,"ONTARIO, OR-ID",GSE,S,0333000,0806500,1032650,1248150,1551250,ID,075,IDAHO,PAYETTE,,20250101,0350000,2022
38540,00000,"POCATELLO, ID",GSE,S,0320000,0806500,1032650,1248150,1551250,ID,077,IDAHO,POWER,,20250101,0320000,2024
99999,00000,NON-METRO,GSE,S,0279000,0806500,1032650,1248150,1551250,ID,079,IDAHO,SHOSHONE,,20250101,0279000,2024
27220,00000,"JACKSON, WY-ID",GSE,H,1800000,1209750,1548975,1872225,2326875,ID,081,IDAHO,TETON,,20250101,1800000,2024
46300,00000,"TWIN FALLS, ID",GSE,S,0332000,0806500,1032650,1248150,1551250,ID,083,IDAHO,TWIN FALLS,,20250101,0332000,2022
99999,00000,NON-METRO,GSE,S,0448000,0806500,1032650,1248150,1551250,ID,085,IDAHO,VALLEY,,20250101,0499000,2022
99999,00000,NON-METRO,GSE,S,0283000,0806500,1032650,1248150,1551250,ID,087,IDAHO,WASHINGTON,,20250101,0283000,2024
39500,00000,"QUINCY, IL-MO",GSE,S,0154000,0806500,1032650,1248150,1551250,IL,001,ILLINOIS,ADAMS,,20250101,0154000,2024
16020,00000,"CAPE GIRARDEAU, MO-IL",GSE,S,0218000,0806500,1032650,1248150,1551250,IL,003,ILLINOIS,ALEXANDER,,20250101,0218000,2024
41180,00000,"ST. LOUIS, MO-IL",GSE,S,0362000,0806500,1032650,1248150,1551250,IL,005,ILLINOIS,BOND,,20250101,0362000,2024
40420,00000,"ROCKFORD, IL",GSE,S,0260000,0806500,1032650,1248150,1551250,IL,007,ILLINOIS,BOONE,,20250101,0295000,2008
99999,00000,NON-METRO,GSE,S,0078000,0806500,1032650,1248150,1551250,IL,009,ILLINOIS,BROWN,,20250101,0092000,2018
36837,00000,"OTTAWA, IL",GSE,S,0211000,0806500,1032650,1248150,1551250,IL,011,ILLINOIS,BUREAU,,20250101,0320000,2023
41180,00000,"ST. LOUIS, MO-IL",GSE,S,0362000,0806500,1032650,1248150,1551250,IL,013,ILLINOIS,CALHOUN,,20250101,0362000,2024
99999,00000,NON-METRO,GSE,S,0100000,0806500,1032650,1248150,1551250,IL,015,ILLINOIS,CARROLL,,20250101,0100000,2009
99999,00000,NON-METRO,GSE,S,0076000,0806500,1032650,1248150,1551250,IL,017,ILLINOIS,CASS,,20250101,0102000,2022
16580,00000,"CHAMPAIGN-URBANA, IL",GSE,S,0238000,0806500,1032650,1248150,1551250,IL,019,ILLINOIS,CHAMPAIGN,,20250101,0238000,2024
45380,00000,"TAYLORVILLE, IL",GSE,S,0097000,0806500,1032650,1248150,1551250,IL,021,ILLINOIS,CHRISTIAN,,20250101,0097000,2024
99999,00000,NON-METRO,GSE,S,0100000,0806500,1032650,1248150,1551250,IL,023,ILLINOIS,CLARK,,20250101,0100000,2024
99999,00000,NON-METRO,GSE,S,0088000,0806500,1032650,1248150,1551250,IL,025,ILLINOIS,CLAY,,20250101,0088000,2024
41180,00000,"ST. LOUIS, MO-IL",GSE,S,0362000,0806500,1032650,1248150,1551250,IL,027,ILLINOIS,CLINTON,,20250101,0362000,2024
16660,00000,"CHARLESTON-MATTOON, IL",GSE,S,0125000,0806500,1032650,1248150,1551250,IL,029,ILLINOIS,COLES,,20250101,0129000,2022
16980,16984,"CHICAGO-NAPERVILLE-ELGIN, IL-IN-WI",GSE,S,0441000,0806500,1032650,1248150,1551250,IL,031,ILLINOIS,COOK,,20250101,0441000,2024
99999,00000,NON-METRO,GSE,S,0087000,0806500,1032650,1248150,1551250,IL,033,ILLINOIS,CRAWFORD,,20250101,0087000,2024
16660,00000,"CHARLESTON-MATTOON, IL",GSE,S,0125000,0806500,1032650,1248150,1551250,IL,035,ILLINOIS,CUMBERLAND,,20250101,0129000,2022
16980,20994,"CHICAGO-NAPERVILLE-ELGIN, IL-IN-WI",GSE,S,0441000,0806500,1032650,1248150,1551250,IL,037,ILLINOIS,DEKALB,,20250101,0441000,2024
99999,00000,NON-METRO,GSE,S,0115000,0806500,1032650,1248150,1551250,IL,039,ILLINOIS,DE WITT,,20250101,0115000,2024
99999,00000,NON-METRO,GSE,S,0120000,0806500,1032650,1248150,1551250,IL,041,ILLINOIS,DOUGLAS,,20250101,0151000,2022
16980,16984,"CHICAGO-NAPERVILLE-ELGIN, IL-IN-WI",GSE,S,0441000,0806500,1032650,1248150,1551250,IL,043,ILLINOIS,DUPAGE,,20250101,0441000,2024
99999,00000,NON-METRO,GSE,S,0123000,0806500,1032650,1248150,1551250,IL,045,ILLINOIS,EDGAR,,20250101,0123000,2024
99999,00000,NON-METRO,GSE,S,0081000,0806500,1032650,1248150,1551250,IL,047,ILLINOIS,EDWARDS,,20250101,0081000,2024
20820,00000,"EFFINGHAM, IL",GSE,S,0175000,0806500,1032650,1248150,1551250,IL,049,ILLINOIS,EFFINGHAM,,20250101,0175000,2024
99999,00000,NON-METRO,GSE,S,0087000,0806500,1032650,1248150,1551250,IL,051,ILLINOIS,FAYETTE,,20250101,0089000,2017
99999,00000,NON-METRO,GSE,S,0126000,0806500,1032650,1248150,1551250,IL,053,ILLINOIS,FORD,,20250101,0126000,2024
99999,00000,NON-METRO,GSE,S,0106000,0806500,1032650,1248150,1551250,IL,055,ILLINOIS,FRANKLIN,,20250101,0106000,2024
37900,00000,"PEORIA, IL",GSE,S,0155000,0806500,1032650,1248150,1551250,IL,057,ILLINOIS,FULTON,,20250101,0155000,2024
99999,00000,NON-METRO,GSE,S,0063000,0806500,1032650,1248150,1551250,IL,059,ILLINOIS,GALLATIN,,20250101,0074000,2023
99999,00000,NON-METRO,GSE,S,0100000,0806500,1032650,1248150,1551250,IL,061,ILLINOIS,GREENE,,20250101,0108000,2023
16980,16984,"CHICAGO-NAPERVILLE-ELGIN, IL-IN-WI",GSE,S,0441000,0806500,1032650,1248150,1551250,IL,063,ILLINOIS,GRUNDY,,20250101,0441000,2024
99999,00000,NON-METRO,GSE,S,0085000,0806500,1032650,1248150,1551250,IL,065,ILLINOIS,HAMILTON,,20250101,0099000,2018
22800,00000,"FORT MADISON-KEOKUK, IA-IL-MO",GSE,S,0125000,0806500,1032650,1248150,1551250,IL,067,ILLINOIS,HANCOCK,,20250101,0125000,2024
99999,00000,NON-METRO,GSE,S,0035000,0806500,1032650,1248150,1551250,IL,069,ILLINOIS,HARDIN,,20250101,0079000,2020
15460,00000,"BURLINGTON, IA-IL",GSE,S,0131000,0806500,1032650,1248150,1551250,IL,071,ILLINOIS,HENDERSON,,20250101,0189000,2022
19340,00000,"DAVENPORT-MOLINE-ROCK ISLAND, IA-IL",GSE,S,0215000,0806500,1032650,1248150,1551250,IL,073,ILLINOIS,HENRY,,20250101,0215000,2024
99999,00000,NON-METRO,GSE,S,0087000,0806500,1032650,1248150,1551250,IL,075,ILLINOIS,IROQUOIS,,20250101,0111000,2009
16060,00000,"CARBONDALE-MARION, IL",GSE,S,0193000,0806500,1032650,1248150,1551250,IL,077,ILLINOIS,JACKSON,,20250101,0193000,2024
99999,00000,NON-METRO,GSE,S,0072000,0806500,1032650,1248150,1551250,IL,079,ILLINOIS,JASPER,,20250101,0118000,2016
34500,00000,"MOUNT VERNON, IL",GSE,S,0110000,0806500,1032650,1248150,1551250,IL,081,ILLINOIS,JEFFERSON,,20250101,0110000,2024
41180,00000,"ST. LOUIS, MO-IL",GSE,S,0362000,0806500,1032650,1248150,1551250,IL,083,ILLINOIS,JERSEY,,20250101,0362000,2024
99999,00000,NON-METRO,GSE,S,0194000,0806500,1032650,1248150,1551250,IL,085,ILLINOIS,JO DAVIESS,,20250101,0200000,2023
16060,00000,"CARBONDALE-MARION, IL",GSE,S,0193000,0806500,1032650,1248150,1551250,IL,087,ILLINOIS,JOHNSON,,20250101,0193000,2024
16980,20994,"CHICAGO-NAPERVILLE-ELGIN, IL-IN-WI",GSE,S,0441000,0806500,1032650,1248150,1551250,IL,089,ILLINOIS,KANE,,20250101,0441000,2024
28100,00000,"KANKAKEE, IL",GSE,S,0167000,0806500,1032650,1248150,1551250,IL,091,ILLINOIS,KANKAKEE,,20250101,0167000,2024
16980,20994,"CHICAGO-NAPERVILLE-ELGIN, IL-IN-WI",GSE,S,0441000,0806500,1032650,1248150,1551250,IL,093,ILLINOIS,KENDALL,,20250101,0441000,2024
23660,00000,"GALESBURG, IL",GSE,S,0096000,0806500,1032650,1248150,1551250,IL,095,ILLINOIS,KNOX,,20250101,0096000,2024
16980,29404,"CHICAGO-NAPERVILLE-ELGIN, IL-IN-WI",GSE,S,0441000,0806500,1032650,1248150,1551250,IL,097,ILLINOIS,LAKE,,20250101,0441000,2024
36837,00000,"OTTAWA, IL",GSE,S,0211000,0806500,1032650,1248150,1551250,IL,099,ILLINOIS,LASALLE,,20250101,0320000,2023
99999,00000,NON-METRO,GSE,S,0123000,0806500,1032650,1248150,1551250,IL,101,ILLINOIS,LAWRENCE,,20250101,0123000,2024
19940,00000,"DIXON, IL",GSE,S,0135000,0806500,1032650,1248150,1551250,IL,103,ILLINOIS,LEE,,20250101,0135000,2024
38700,00000,"PONTIAC, IL",GSE,S,0125000,0806500,1032650,1248150,1551250,IL,105,ILLINOIS,LIVINGSTON,,20250101,0125000,2024
30660,00000,"LINCOLN, IL",GSE,S,0112000,0806500,1032650,1248150,1551250,IL,107,ILLINOIS,LOGAN,,20250101,0112000,2024
31380,00000,"MACOMB, IL",GSE,S,0080000,0806500,1032650,1248150,1551250,IL,109,ILLINOIS,MCDONOUGH,,20250101,0100000,2017
16980,16984,"CHICAGO-NAPERVILLE-ELGIN, IL-IN-WI",GSE,S,0441000,0806500,1032650,1248150,1551250,IL,111,ILLINOIS,MCHENRY,,20250101,0441000,2024
14010,00000,"BLOOMINGTON, IL",GSE,S,0225000,0806500,1032650,1248150,1551250,IL,113,ILLINOIS,MCLEAN,,20250101,0225000,2024
19500,00000,"DECATUR, IL",GSE,S,0110000,0806500,1032650,1248150,1551250,IL,115,ILLINOIS,MACON,,20250101,0110000,2024
41180,00000,"ST. LOUIS, MO-IL",GSE,S,0362000,0806500,1032650,1248150,1551250,IL,117,ILLINOIS,MACOUPIN,,20250101,0362000,2024
41180,00000,"ST. LOUIS, MO-IL",GSE,S,0362000,0806500,1032650,1248150,1551250,IL,119,ILLINOIS,MADISON,,20250101,0362000,2024
16460,00000,"CENTRALIA, IL",GSE,S,0077000,0806500,1032650,1248150,1551250,IL,121,ILLINOIS,MARION,,20250101,0077000,2024
37900,00000,"PEORIA, IL",GSE,S,0155000,0806500,1032650,1248150,1551250,IL,123,ILLINOIS,MARSHALL,,20250101,0155000,2024
99999,00000,NON-METRO,GSE,S,0076000,0806500,1032650,1248150,1551250,IL,125,ILLINOIS,MASON,,20250101,0087000,2018
37140,00000,"PADUCAH, KY-IL",GSE,S,0164000,0806500,1032650,1248150,1551250,IL,127,ILLINOIS,MASSAC,,20250101,0164000,2024
44100,00000,"SPRINGFIELD, IL",GSE,S,0158000,0806500,1032650,1248150,1551250,IL,129,ILLINOIS,MENARD,,20250101,0158000,2024
19340,00000,"DAVENPORT-MOLINE-ROCK ISLAND, IA-IL",GSE,S,0215000,0806500,1032650,1248150,1551250,IL,131,ILLINOIS,MERCER,,20250101,0215000,2024
41180,00000,"ST. LOUIS, MO-IL",GSE,S,0362000,0806500,1032650,1248150,1551250,IL,133,ILLINOIS,MONROE,,20250101,0362000,2024
99999,00000,NON-METRO,GSE,S,0086000,0806500,1032650,1248150,1551250,IL,135,ILLINOIS,MONTGOMERY,,20250101,0086000,2024
27300,00000,"JACKSONVILLE, IL",GSE,S,0115000,0806500,1032650,1248150,1551250,IL,137,ILLINOIS,MORGAN,,20250101,0238000,2017
99999,00000,NON-METRO,GSE,S,0125000,0806500,1032650,1248150,1551250,IL,139,ILLINOIS,MOULTRIE,,20250101,0125000,2024
40300,00000,"ROCHELLE, IL",GSE,S,0175000,0806500,1032650,1248150,1551250,IL,141,ILLINOIS,OGLE,,20250101,0175000,2024
37900,00000,"PEORIA, IL",GSE,S,0155000,0806500,1032650,1248150,1551250,IL,143,ILLINOIS,PEORIA,,20250101,0155000,2024
99999,00000,NON-METRO,GSE,S,0079000,0806500,1032650,1248150,1551250,IL,145,ILLINOIS,PERRY,,20250101,0084000,2009
16580,00000,"CHAMPAIGN-URBANA, IL",GSE,S,0238000,0806500,1032650,1248150,1551250,IL,147,ILLINOIS,PIATT,,20250101,0238000,2024
99999,00000,NON-METRO,GSE,S,0127000,0806500,1032650,1248150,1551250,IL,149,ILLINOIS,PIKE,,20250101,0127000,2024
99999,00000,NON-METRO,GSE,S,0040000,0806500,1032650,1248150,1551250,IL,151,ILLINOIS,POPE,,20250101,0142000,2016
99999,00000,NON-METRO,GSE,S,0107000,0806500,1032650,1248150,1551250,IL,153,ILLINOIS,PULASKI,,20250101,0107000,2024
36837,00000,"OTTAWA, IL",GSE,S,0211000,0806500,1032650,1248150,1551250,IL,155,ILLINOIS,PUTNAM,,20250101,0320000,2023
99999,00000,NON-METRO,GSE,S,0111000,0806500,1032650,1248150,1551250,IL,157,ILLINOIS,RANDOLPH,,20250101,0111000,2024
99999,00000,NON-METRO,GSE,S,0139000,0806500,1032650,1248150,1551250,IL,159,ILLINOIS,RICHLAND,,20250101,0139000,2024
19340,00000,"DAVENPORT-MOLINE-ROCK ISLAND, IA-IL",GSE,S,0215000,0806500,1032650,1248150,1551250,IL,161,ILLINOIS,ROCK ISLAND,,20250101,0215000,2024
41180,00000,"ST. LOUIS, MO-IL",GSE,S,0362000,0806500,1032650,1248150,1551250,IL,163,ILLINOIS,ST. CLAIR,,20250101,0362000,2024
99999,00000,NON-METRO,GSE,S,0070000,0806500,1032650,1248150,1551250,IL,165,ILLINOIS,SALINE,,20250101,0070000,2024
44100,00000,"SPRINGFIELD, IL",GSE,S,0158000,0806500,1032650,1248150,1551250,IL,167,ILLINOIS,SANGAMON,,20250101,0158000,2024
99999,00000,NON-METRO,GSE,S,0083000,0806500,1032650,1248150,1551250,IL,169,ILLINOIS,SCHUYLER,,20250101,0090000,2019
27300,00000,"JACKSONVILLE, IL",GSE,S,0115000,0806500,1032650,1248150,1551250,IL,171,ILLINOIS,SCOTT,,20250101,0238000,2017
99999,00000,NON-METRO,GSE,S,0098000,0806500,1032650,1248150,1551250,IL,173,ILLINOIS,SHELBY,,20250101,0102000,2009
37900,00000,"PEORIA, IL",GSE,S,0155000,0806500,1032650,1248150,1551250,IL,175,ILLINOIS,STARK,,20250101,0155000,2024
23300,00000,"FREEPORT, IL",GSE,S,0095000,0806500,1032650,1248150,1551250,IL,177,ILLINOIS,STEPHENSON,,20250101,0133000,2023
37900,00000,"PEORIA, IL",GSE,S,0155000,0806500,1032650,1248150,1551250,IL,179,ILLINOIS,TAZEWELL,,20250101,0155000,2024
99999,00000,NON-METRO,GSE,S,0169000,0806500,1032650,1248150,1551250,IL,181,ILLINOIS,UNION,,20250101,0169000,2024
19180,00000,"DANVILLE, IL",GSE,S,0080000,0806500,1032650,1248150,1551250,IL,183,ILLINOIS,VERMILION,,20250101,0080000,2024
99999,00000,NON-METRO,GSE,S,0123000,0806500,1032650,1248150,1551250,IL,185,ILLINOIS,WABASH,,20250101,0123000,2024
99999,00000,NON-METRO,GSE,S,0100000,0806500,1032650,1248150,1551250,IL,187,ILLINOIS,WARREN,,20250101,0100000,2024
99999,00000,NON-METRO,GSE,S,0193000,0806500,1032650,1248150,1551250,IL,189,ILLINOIS,WASHINGTON,,20250101,0193000,2024
99999,00000,NON-METRO,GSE,S,0083000,0806500,1032650,1248150,1551250,IL,191,ILLINOIS,WAYNE,,20250101,0083000,2024
99999,00000,NON-METRO,GSE,S,0079000,0806500,1032650,1248150,1551250,IL,193,ILLINOIS,WHITE,,20250101,0079000,2024
44580,00000,"STERLING, IL",GSE,S,0110000,0806500,1032650,1248150,1551250,IL,195,ILLINOIS,WHITESIDE,,20250101,0114000,2009
16980,16984,"CHICAGO-NAPERVILLE-ELGIN, IL-IN-WI",GSE,S,0441000,0806500,1032650,1248150,1551250,IL,197,ILLINOIS,WILL,,20250101,0441000,2024
16060,00000,"CARBONDALE-MARION, IL",GSE,S,0193000,0806500,1032650,1248150,1551250,IL,199,ILLINOIS,WILLIAMSON,,20250101,0193000,2024
40420,00000,"ROCKFORD, IL",GSE,S,0260000,0806500,1032650,1248150,1551250,IL,201,ILLINOIS,WINNEBAGO,,20250101,0295000,2008
37900,00000,"PEORIA, IL",GSE,S,0155000,0806500,1032650,1248150,1551250,IL,203,ILLINOIS,WOODFORD,,20250101,0155000,2024
19540,00000,"DECATUR, IN",GSE,S,0186000,0806500,1032650,1248150,1551250,IN,001,INDIANA,ADAMS,,20250101,0186000,2024
23060,00000,"FORT WAYNE, IN",GSE,S,0250000,0806500,1032650,1248150,1551250,IN,003,INDIANA,ALLEN,,20250101,0250000,2024
18020,00000,"COLUMBUS, IN",GSE,S,0248000,0806500,1032650,1248150,1551250,IN,005,INDIANA,BARTHOLOMEW,,20250101,0250000,2023
29200,00000,"LAFAYETTE-WEST LAFAYETTE, IN",GSE,S,0265000,0806500,1032650,1248150,1551250,IN,007,INDIANA,BENTON,,20250101,0265000,2024
99999,00000,NON-METRO,GSE,S,0121000,0806500,1032650,1248150,1551250,IN,009,INDIANA,BLACKFORD,,20250101,0121000,2024
