msa-code,metro-code,metro-name,program,limit-type,median-price,limit-1-unit,limit-2-units,limit-3-units,limit-4-units,state,county-fips,state-name,county-name,county-transaction-date,limit-transaction-date,median-price-determining-limit,year-for-median-determining-limit
,,,ZZGSE,S,,0822375,1053000,1272750,1581750,,,,,,20201120,,
,,,GSE,S,,0548250,0702000,0848500,1054500,,,,,,20210101,,
99999,00000,NON-METRO,GSE,S,0136000,0822375,1053000,1272750,1581750,AK,013,ALASKA,ALEUTIANS EAST,20200101,20210101,0214000,2013
99999,00000,NON-METRO,GSE,S,0474000,0822375,1053000,1272750,1581750,AK,016,ALASKA,ALEUTIANS WEST,20200101,20210101,0474000,2020
11260,00000,"ANCHORAGE, AK",GSE,S,0363000,0822375,1053000,1272750,1581750,AK,020,ALASKA,ANCHORAGE MUNIC,20200101,20210101,0363000,2020
99999,00000,NON-METRO,GSE,S,0122000,0822375,1053000,1272750,1581750,AK,050,ALASKA,BETHEL CENSUS A,20200101,20210101,0208000,2015
99999,00000,NON-METRO,GSE,S,0298000,0822375,1053000,1272750,1581750,AK,060,ALASKA,BRISTOL BAY BOR,20200101,20210101,0298000,2020
99999,00000,NON-METRO,GSE,S,0225000,0822375,1053000,1272750,1581750,AK,068,ALASKA,DENALI BOROUGH,20200101,20210101,0259000,2013
99999,00000,NON-METRO,GSE,S,0203000,0822375,1053000,1272750,1581750,AK,070,ALASKA,DILLINGHAM CENS,20200101,20210101,0259000,2017
21820,00000,"FAIRBANKS, AK",GSE,S,0270000,0822375,1053000,1272750,1581750,AK,090,ALASKA,FAIRBANKS NORTH,20200101,20210101,0270000,2020
99999,00000,NON-METRO,GSE,S,0250000,0822375,1053000,1272750,1581750,AK,100,ALASKA,HAINES BOROUGH,20200101,20210101,0256000,2018
99999,00000,NON-METRO,GSE,S,0253000,0822375,1053000,1272750,1581750,AK,105,ALASKA,HOONAH-ANGOON C,20200101,20210101,0253000,2019
27940,00000,"JUNEAU, AK",GSE,S,0420000,0822375,1053000,1272750,1581750,AK,110,ALASKA,JUNEAU CITY AND,20200101,20210101,0420000,2020
99999,00000,NON-METRO,GSE,S,0240000,0822375,1053000,1272750,1581750,AK,122,ALASKA,KENAI PENINSULA,20200101,20210101,0240000,2020
28540,00000,"KETCHIKAN, AK",GSE,S,0354000,0822375,1053000,1272750,1581750,AK,130,ALASKA,KETCHIKAN GATEW,20200101,20210101,0354000,2020
99999,00000,NON-METRO,GSE,S,0363000,0822375,1053000,1272750,1581750,AK,150,ALASKA,KODIAK ISLAND B,20200101,20210101,0363000,2020
99999,00000,NON-METRO,GSE,S,0084000,0822375,1053000,1272750,1581750,AK,158,ALASKA,KUSILVAK CENSUS,20200101,20210101,0161000,2013
99999,00000,NON-METRO,GSE,S,0133000,0822375,1053000,1272750,1581750,AK,164,ALASKA,LAKE AND PENINS,20200101,20210101,0164000,2016
11260,00000,"ANCHORAGE, AK",GSE,S,0363000,0822375,1053000,1272750,1581750,AK,170,ALASKA,MATANUSKA-SUSIT,20200101,20210101,0363000,2020
99999,00000,NON-METRO,GSE,S,0383000,0822375,1053000,1272750,1581750,AK,180,ALASKA,NOME CENSUS ARE,20200101,20210101,0383000,2020
99999,00000,NON-METRO,GSE,S,0211000,0822375,1053000,1272750,1581750,AK,185,ALASKA,NORTH SLOPE BOR,20200101,20210101,0289000,2013
99999,00000,NON-METRO,GSE,S,0146000,0822375,1053000,1272750,1581750,AK,188,ALASKA,NORTHWEST ARCTI,20200101,20210101,0204000,2016
99999,00000,NON-METRO,GSE,S,0236000,0822375,1053000,1272750,1581750,AK,195,ALASKA,PETERSBURG CENS,20200101,20210101,0289000,2013
99999,00000,NON-METRO,GSE,S,0191000,0822375,1053000,1272750,1581750,AK,198,ALASKA,PRINCE OF WALES,20200101,20210101,0225000,2013
99999,00000,NON-METRO,GSE,S,0388000,0822375,1053000,1272750,1581750,AK,220,ALASKA,SITKA CITY AND,20200101,20210101,0423000,2018
99999,00000,NON-METRO,GSE,S,0348000,0822375,1053000,1272750,1581750,AK,230,ALASKA,SKAGWAY MUNICIP,20200101,20210101,0361000,2016
99999,00000,NON-METRO,GSE,S,0204000,0822375,1053000,1272750,1581750,AK,240,ALASKA,SOUTHEAST FAIRB,20200101,20210101,0228000,2016
99999,00000,NON-METRO,GSE,S,0269000,0822375,1053000,1272750,1581750,AK,261,ALASKA,VALDEZ-CORDOVA,20200101,20210101,0281000,2019
99999,00000,NON-METRO,GSE,S,0235000,0822375,1053000,1272750,1581750,AK,275,ALASKA,WRANGELL CITY A,20200101,20210101,0289000,2013
99999,00000,NON-METRO,GSE,S,0193000,0822375,1053000,1272750,1581750,AK,282,ALASKA,YAKUTAT CITY AN,20200101,20210101,0366000,2013
99999,00000,NON-METRO,GSE,S,0086000,0822375,1053000,1272750,1581750,AK,290,ALASKA,YUKON-KOYUKUK C,20200101,20210101,0117000,2015
33860,00000,"MONTGOMERY, AL",GSE,S,0169000,0548250,0702000,0848500,1054500,AL,001,ALABAMA,AUTAUGA,20200101,20210101,0172000,2011
19300,00000,"DAPHNE-FAIRHOPE-FOLEY, AL",GSE,S,0210000,0548250,0702000,0848500,1054500,AL,003,ALABAMA,BALDWIN,20200101,20210101,0210000,2020
21640,00000,"EUFAULA, AL-GA",GSE,S,0106000,0548250,0702000,0848500,1054500,AL,005,ALABAMA,BARBOUR,20200101,20210101,0126000,2010
13820,00000,"BIRMINGHAM-HOOVER, AL",GSE,S,0229000,0548250,0702000,0848500,1054500,AL,007,ALABAMA,BIBB,20200101,20210101,0229000,2020
13820,00000,"BIRMINGHAM-HOOVER, AL",GSE,S,0229000,0548250,0702000,0848500,1054500,AL,009,ALABAMA,BLOUNT,20200101,20210101,0229000,2020
99999,00000,NON-METRO,GSE,S,0089000,0548250,0702000,0848500,1054500,AL,011,ALABAMA,BULLOCK,20200101,20210101,0089000,2020
99999,00000,NON-METRO,GSE,S,0043000,0548250,0702000,0848500,1054500,AL,013,ALABAMA,BUTLER,20200101,20210101,0099000,2019
11500,00000,"ANNISTON-OXFORD, AL",GSE,S,0123000,0548250,0702000,0848500,1054500,AL,015,ALABAMA,CALHOUN,20200101,20210101,0137000,2019
29300,00000,"LAGRANGE, GA-AL",GSE,S,0139000,0548250,0702000,0848500,1054500,AL,017,ALABAMA,CHAMBERS,20200101,20210101,0139000,2020
99999,00000,NON-METRO,GSE,S,0141000,0548250,0702000,0848500,1054500,AL,019,ALABAMA,CHEROKEE,20200101,20210101,0141000,2020
13820,00000,"BIRMINGHAM-HOOVER, AL",GSE,S,0229000,0548250,0702000,0848500,1054500,AL,021,ALABAMA,CHILTON,20200101,20210101,0229000,2020
99999,00000,NON-METRO,GSE,S,0086000,0548250,0702000,0848500,1054500,AL,023,ALABAMA,CHOCTAW,20200101,20210101,0086000,2020
99999,00000,NON-METRO,GSE,S,0115000,0548250,0702000,0848500,1054500,AL,025,ALABAMA,CLARKE,20200101,20210101,0115000,2020
99999,00000,NON-METRO,GSE,S,0055000,0548250,0702000,0848500,1054500,AL,027,ALABAMA,CLAY,20200101,20210101,0087000,2010
99999,00000,NON-METRO,GSE,S,0177000,0548250,0702000,0848500,1054500,AL,029,ALABAMA,CLEBURNE,20200101,20210101,0177000,2020
21460,00000,"ENTERPRISE, AL",GSE,S,0142000,0548250,0702000,0848500,1054500,AL,031,ALABAMA,COFFEE,20200101,20210101,0142000,2020
22520,00000,"FLORENCE-MUSCLE SHOALS, AL",GSE,S,0157000,0548250,0702000,0848500,1054500,AL,033,ALABAMA,COLBERT,20200101,20210101,0176000,2019
99999,00000,NON-METRO,GSE,S,0088000,0548250,0702000,0848500,1054500,AL,035,ALABAMA,CONECUH,20200101,20210101,0088000,2020
10760,00000,"ALEXANDER CITY, AL",GSE,S,0123000,0548250,0702000,0848500,1054500,AL,037,ALABAMA,COOSA,20200101,20210101,0195000,2016
99999,00000,NON-METRO,GSE,S,0082000,0548250,0702000,0848500,1054500,AL,039,ALABAMA,COVINGTON,20200101,20210101,0082000,2010
99999,00000,NON-METRO,GSE,S,0091000,0548250,0702000,0848500,1054500,AL,041,ALABAMA,CRENSHAW,20200101,20210101,0091000,2020
18980,00000,"CULLMAN, AL",GSE,S,0123000,0548250,0702000,0848500,1054500,AL,043,ALABAMA,CULLMAN,20200101,20210101,0123000,2020
37120,00000,"OZARK, AL",GSE,S,0088000,0548250,0702000,0848500,1054500,AL,045,ALABAMA,DALE,20200101,20210101,0118000,2012
42820,00000,"SELMA, AL",GSE,S,0055000,0548250,0702000,0848500,1054500,AL,047,ALABAMA,DALLAS,20200101,20210101,0097000,2010
22840,00000,"FORT PAYNE, AL",GSE,S,0119000,0548250,0702000,0848500,1054500,AL,049,ALABAMA,DEKALB,20200101,20210101,0146000,2019
33860,00000,"MONTGOMERY, AL",GSE,S,0169000,0548250,0702000,0848500,1054500,AL,051,ALABAMA,ELMORE,20200101,20210101,0172000,2011
12120,00000,"ATMORE, AL",GSE,S,0112000,0548250,0702000,0848500,1054500,AL,053,ALABAMA,ESCAMBIA,20200101,20210101,0112000,2020
23460,00000,"GADSDEN, AL",GSE,S,0160000,0548250,0702000,0848500,1054500,AL,055,ALABAMA,ETOWAH,20200101,20210101,0160000,2020
99999,00000,NON-METRO,GSE,S,0056000,0548250,0702000,0848500,1054500,AL,057,ALABAMA,FAYETTE,20200101,20210101,0111000,2010
99999,00000,NON-METRO,GSE,S,0075000,0548250,0702000,0848500,1054500,AL,059,ALABAMA,FRANKLIN,20200101,20210101,0092000,2010
20020,00000,"DOTHAN, AL",GSE,S,0137000,0548250,0702000,0848500,1054500,AL,061,ALABAMA,GENEVA,20200101,20210101,0171000,2011
46220,00000,"TUSCALOOSA, AL",GSE,S,0249000,0548250,0702000,0848500,1054500,AL,063,ALABAMA,GREENE,20200101,20210101,0288000,2015
46220,00000,"TUSCALOOSA, AL",GSE,S,0249000,0548250,0702000,0848500,1054500,AL,065,ALABAMA,HALE,20200101,20210101,0288000,2015
20020,00000,"DOTHAN, AL",GSE,S,0137000,0548250,0702000,0848500,1054500,AL,067,ALABAMA,HENRY,20200101,20210101,0171000,2011
20020,00000,"DOTHAN, AL",GSE,S,0137000,0548250,0702000,0848500,1054500,AL,069,ALABAMA,HOUSTON,20200101,20210101,0171000,2011
42460,00000,"SCOTTSBORO, AL",GSE,S,0120000,0548250,0702000,0848500,1054500,AL,071,ALABAMA,JACKSON,20200101,20210101,0120000,2020
13820,00000,"BIRMINGHAM-HOOVER, AL",GSE,S,0229000,0548250,0702000,0848500,1054500,AL,073,ALABAMA,JEFFERSON,20200101,20210101,0229000,2020
99999,00000,NON-METRO,GSE,S,0088000,0548250,0702000,0848500,1054500,AL,075,ALABAMA,LAMAR,20200101,20210101,0096000,2010
22520,00000,"FLORENCE-MUSCLE SHOALS, AL",GSE,S,0157000,0548250,0702000,0848500,1054500,AL,077,ALABAMA,LAUDERDALE,20200101,20210101,0176000,2019
19460,00000,"DECATUR, AL",GSE,S,0138000,0548250,0702000,0848500,1054500,AL,079,ALABAMA,LAWRENCE,20200101,20210101,0156000,2015
12220,00000,"AUBURN-OPELIKA, AL",GSE,S,0208000,0548250,0702000,0848500,1054500,AL,081,ALABAMA,LEE,20200101,20210101,0208000,2020
26620,00000,"HUNTSVILLE, AL",GSE,S,0197000,0548250,0702000,0848500,1054500,AL,083,ALABAMA,LIMESTONE,20200101,20210101,0197000,2020
33860,00000,"MONTGOMERY, AL",GSE,S,0169000,0548250,0702000,0848500,1054500,AL,085,ALABAMA,LOWNDES,20200101,20210101,0172000,2011
99999,00000,NON-METRO,GSE,S,0091000,0548250,0702000,0848500,1054500,AL,087,ALABAMA,MACON,20200101,20210101,0108000,2010
26620,00000,"HUNTSVILLE, AL",GSE,S,0197000,0548250,0702000,0848500,1054500,AL,089,ALABAMA,MADISON,20200101,20210101,0197000,2020
99999,00000,NON-METRO,GSE,S,0103000,0548250,0702000,0848500,1054500,AL,091,ALABAMA,MARENGO,20200101,20210101,0106000,2019
99999,00000,NON-METRO,GSE,S,0093000,0548250,0702000,0848500,1054500,AL,093,ALABAMA,MARION,20200101,20210101,0099000,2015
10700,00000,"ALBERTVILLE, AL",GSE,S,0115000,0548250,0702000,0848500,1054500,AL,095,ALABAMA,MARSHALL,20200101,20210101,0115000,2020
33660,00000,"MOBILE, AL",GSE,S,0118000,0548250,0702000,0848500,1054500,AL,097,ALABAMA,MOBILE,20200101,20210101,0145000,2008
99999,00000,NON-METRO,GSE,S,0051000,0548250,0702000,0848500,1054500,AL,099,ALABAMA,MONROE,20200101,20210101,0107000,2010
33860,00000,"MONTGOMERY, AL",GSE,S,0169000,0548250,0702000,0848500,1054500,AL,101,ALABAMA,MONTGOMERY,20200101,20210101,0172000,2011
19460,00000,"DECATUR, AL",GSE,S,0138000,0548250,0702000,0848500,1054500,AL,103,ALABAMA,MORGAN,20200101,20210101,0156000,2015
99999,00000,NON-METRO,GSE,S,0075000,0548250,0702000,0848500,1054500,AL,105,ALABAMA,PERRY,20200101,20210101,0079000,2018
46220,00000,"TUSCALOOSA, AL",GSE,S,0249000,0548250,0702000,0848500,1054500,AL,107,ALABAMA,PICKENS,20200101,20210101,0288000,2015
45980,00000,"TROY, AL",GSE,S,0134000,0548250,0702000,0848500,1054500,AL,109,ALABAMA,PIKE,20200101,20210101,0134000,2020
99999,00000,NON-METRO,GSE,S,0101000,0548250,0702000,0848500,1054500,AL,111,ALABAMA,RANDOLPH,20200101,20210101,0101000,2020
17980,00000,"COLUMBUS, GA-AL",GSE,S,0229000,0548250,0702000,0848500,1054500,AL,113,ALABAMA,RUSSELL,20200101,20210101,0252000,2009
13820,00000,"BIRMINGHAM-HOOVER, AL",GSE,S,0229000,0548250,0702000,0848500,1054500,AL,115,ALABAMA,ST. CLAIR,20200101,20210101,0229000,2020
13820,00000,"BIRMINGHAM-HOOVER, AL",GSE,S,0229000,0548250,0702000,0848500,1054500,AL,117,ALABAMA,SHELBY,20200101,20210101,0229000,2020
99999,00000,NON-METRO,GSE,S,0085000,0548250,0702000,0848500,1054500,AL,119,ALABAMA,SUMTER,20200101,20210101,0085000,2020
45180,00000,"TALLADEGA-SYLACAUGA, AL",GSE,S,0098000,0548250,0702000,0848500,1054500,AL,121,ALABAMA,TALLADEGA,20200101,20210101,0158000,2009
10760,00000,"ALEXANDER CITY, AL",GSE,S,0123000,0548250,0702000,0848500,1054500,AL,123,ALABAMA,TALLAPOOSA,20200101,20210101,0195000,2016
46220,00000,"TUSCALOOSA, AL",GSE,S,0249000,0548250,0702000,0848500,1054500,AL,125,ALABAMA,TUSCALOOSA,20200101,20210101,0288000,2015
27530,00000,"JASPER, AL",GSE,S,0065000,0548250,0702000,0848500,1054500,AL,127,ALABAMA,WALKER,20200101,20210101,0086000,2008
33660,00000,"MOBILE, AL",GSE,S,0118000,0548250,0702000,0848500,1054500,AL,129,ALABAMA,WASHINGTON,20200101,20210101,0145000,2008
99999,00000,NON-METRO,GSE,S,0094000,0548250,0702000,0848500,1054500,AL,131,ALABAMA,WILCOX,20200101,20210101,0094000,2010
99999,00000,NON-METRO,GSE,S,0083000,0548250,0702000,0848500,1054500,AL,133,ALABAMA,WINSTON,20200101,20210101,0088000,2009
99999,00000,NON-METRO,GSE,S,0079000,0548250,0702000,0848500,1054500,AR,001,ARKANSAS,ARKANSAS,20200101,20210101,0083000,2014
99999,00000,NON-METRO,GSE,S,0071000,0548250,0702000,0848500,1054500,AR,003,ARKANSAS,ASHLEY,20200101,20210101,0079000,2013
34260,00000,"MOUNTAIN HOME, AR",GSE,S,0120000,0548250,0702000,0848500,1054500,AR,005,ARKANSAS,BAXTER,20200101,20210101,0130000,2018
22220,00000,"FAYETTEVILLE-SPRINGDALE-ROGERS, AR",GSE,S,0215000,0548250,0702000,0848500,1054500,AR,007,ARKANSAS,BENTON,20200101,20210101,0215000,2020
25460,00000,"HARRISON, AR",GSE,S,0117000,0548250,0702000,0848500,1054500,AR,009,ARKANSAS,BOONE,20200101,20210101,0117000,2020
99999,00000,NON-METRO,GSE,S,0056000,0548250,0702000,0848500,1054500,AR,011,ARKANSAS,BRADLEY,20200101,20210101,0065000,2019
15780,00000,"CAMDEN, AR",GSE,S,0072000,0548250,0702000,0848500,1054500,AR,013,ARKANSAS,CALHOUN,20200101,20210101,0173000,2009
99999,00000,NON-METRO,GSE,S,0141000,0548250,0702000,0848500,1054500,AR,015,ARKANSAS,CARROLL,20200101,20210101,0141000,2020
99999,00000,NON-METRO,GSE,S,0057000,0548250,0702000,0848500,1054500,AR,017,ARKANSAS,CHICOT,20200101,20210101,0119000,2008
11660,00000,"ARKADELPHIA, AR",GSE,S,0114000,0548250,0702000,0848500,1054500,AR,019,ARKANSAS,CLARK,20200101,20210101,0114000,2020
99999,00000,NON-METRO,GSE,S,0082000,0548250,0702000,0848500,1054500,AR,021,ARKANSAS,CLAY,20200101,20210101,0082000,2020
99999,00000,NON-METRO,GSE,S,0134000,0548250,0702000,0848500,1054500,AR,023,ARKANSAS,CLEBURNE,20200101,20210101,0134000,2020
38220,00000,"PINE BLUFF, AR",GSE,S,0083000,0548250,0702000,0848500,1054500,AR,025,ARKANSAS,CLEVELAND,20200101,20210101,0112000,2013
31620,00000,"MAGNOLIA, AR",GSE,S,0093000,0548250,0702000,0848500,1054500,AR,027,ARKANSAS,COLUMBIA,20200101,20210101,0110000,2009
99999,00000,NON-METRO,GSE,S,0089000,0548250,0702000,0848500,1054500,AR,029,ARKANSAS,CONWAY,20200101,20210101,0108000,2019
27860,00000,"JONESBORO, AR",GSE,S,0150000,0548250,0702000,0848500,1054500,AR,031,ARKANSAS,CRAIGHEAD,20200101,20210101,0150000,2020
22900,00000,"FORT SMITH, AR-OK",GSE,S,0175000,0548250,0702000,0848500,1054500,AR,033,ARKANSAS,CRAWFORD,20200101,20210101,0175000,2020
32820,00000,"MEMPHIS, TN-MS-AR",GSE,S,0238000,0548250,0702000,0848500,1054500,AR,035,ARKANSAS,CRITTENDEN,20200101,20210101,0238000,2020
99999,00000,NON-METRO,GSE,S,0088000,0548250,0702000,0848500,1054500,AR,037,ARKANSAS,CROSS,20200101,20210101,0099000,2008
99999,00000,NON-METRO,GSE,S,0036000,0548250,0702000,0848500,1054500,AR,039,ARKANSAS,DALLAS,20200101,20210101,0083000,2008
99999,00000,NON-METRO,GSE,S,0060000,0548250,0702000,0848500,1054500,AR,041,ARKANSAS,DESHA,20200101,20210101,0060000,2020
99999,00000,NON-METRO,GSE,S,0110000,0548250,0702000,0848500,1054500,AR,043,ARKANSAS,DREW,20200101,20210101,0110000,2020
30780,00000,"LITTLE ROCK-NORTH LITTLE ROCK-CONWAY, AR",GSE,S,0164000,0548250,0702000,0848500,1054500,AR,045,ARKANSAS,FAULKNER,20200101,20210101,0168000,2009
22900,00000,"FORT SMITH, AR-OK",GSE,S,0175000,0548250,0702000,0848500,1054500,AR,047,ARKANSAS,FRANKLIN,20200101,20210101,0175000,2020
99999,00000,NON-METRO,GSE,S,0105000,0548250,0702000,0848500,1054500,AR,049,ARKANSAS,FULTON,20200101,20210101,0108000,2019
26300,00000,"HOT SPRINGS, AR",GSE,S,0140000,0548250,0702000,0848500,1054500,AR,051,ARKANSAS,GARLAND,20200101,20210101,0144000,2009
30780,00000,"LITTLE ROCK-NORTH LITTLE ROCK-CONWAY, AR",GSE,S,0164000,0548250,0702000,0848500,1054500,AR,053,ARKANSAS,GRANT,20200101,20210101,0168000,2009
37500,00000,"PARAGOULD, AR",GSE,S,0120000,0548250,0702000,0848500,1054500,AR,055,ARKANSAS,GREENE,20200101,20210101,0120000,2020
26260,00000,"HOPE, AR",GSE,S,0073000,0548250,0702000,0848500,1054500,AR,057,ARKANSAS,HEMPSTEAD,20200101,20210101,0073000,2020
31680,00000,"MALVERN, AR",GSE,S,0103000,0548250,0702000,0848500,1054500,AR,059,ARKANSAS,HOT SPRING,20200101,20210101,0103000,2020
99999,00000,NON-METRO,GSE,S,0080000,0548250,0702000,0848500,1054500,AR,061,ARKANSAS,HOWARD,20200101,20210101,0105000,2019
12900,00000,"BATESVILLE, AR",GSE,S,0095000,0548250,0702000,0848500,1054500,AR,063,ARKANSAS,INDEPENDENCE,20200101,20210101,0097000,2008
99999,00000,NON-METRO,GSE,S,0092000,0548250,0702000,0848500,1054500,AR,065,ARKANSAS,IZARD,20200101,20210101,0092000,2020
99999,00000,NON-METRO,GSE,S,0025000,0548250,0702000,0848500,1054500,AR,067,ARKANSAS,JACKSON,20200101,20210101,0068000,2018
38220,00000,"PINE BLUFF, AR",GSE,S,0083000,0548250,0702000,0848500,1054500,AR,069,ARKANSAS,JEFFERSON,20200101,20210101,0112000,2013
99999,00000,NON-METRO,GSE,S,0121000,0548250,0702000,0848500,1054500,AR,071,ARKANSAS,JOHNSON,20200101,20210101,0121000,2020
99999,00000,NON-METRO,GSE,S,0060000,0548250,0702000,0848500,1054500,AR,073,ARKANSAS,LAFAYETTE,20200101,20210101,0072000,2019
99999,00000,NON-METRO,GSE,S,0054000,0548250,0702000,0848500,1054500,AR,075,ARKANSAS,LAWRENCE,20200101,20210101,0058000,2008
99999,00000,NON-METRO,GSE,S,0122000,0548250,0702000,0848500,1054500,AR,077,ARKANSAS,LEE,20200101,20210101,0122000,2020
38220,00000,"PINE BLUFF, AR",GSE,S,0083000,0548250,0702000,0848500,1054500,AR,079,ARKANSAS,LINCOLN,20200101,20210101,0112000,2013
45500,00000,"TEXARKANA, TX-AR",GSE,S,0150000,0548250,0702000,0848500,1054500,AR,081,ARKANSAS,LITTLE RIVER,20200101,20210101,0150000,2020
99999,00000,NON-METRO,GSE,S,0102000,0548250,0702000,0848500,1054500,AR,083,ARKANSAS,LOGAN,20200101,20210101,0102000,2020
30780,00000,"LITTLE ROCK-NORTH LITTLE ROCK-CONWAY, AR",GSE,S,0164000,0548250,0702000,0848500,1054500,AR,085,ARKANSAS,LONOKE,20200101,20210101,0168000,2009
22220,00000,"FAYETTEVILLE-SPRINGDALE-ROGERS, AR",GSE,S,0215000,0548250,0702000,0848500,1054500,AR,087,ARKANSAS,MADISON,20200101,20210101,0215000,2020
99999,00000,NON-METRO,GSE,S,0134000,0548250,0702000,0848500,1054500,AR,089,ARKANSAS,MARION,20200101,20210101,0134000,2020
45500,00000,"TEXARKANA, TX-AR",GSE,S,0150000,0548250,0702000,0848500,1054500,AR,091,ARKANSAS,MILLER,20200101,20210101,0150000,2020
14180,00000,"BLYTHEVILLE, AR",GSE,S,0093000,0548250,0702000,0848500,1054500,AR,093,ARKANSAS,MISSISSIPPI,20200101,20210101,0108000,2019
99999,00000,NON-METRO,GSE,S,0073000,0548250,0702000,0848500,1054500,AR,095,ARKANSAS,MONROE,20200101,20210101,0073000,2020
99999,00000,NON-METRO,GSE,S,0120000,0548250,0702000,0848500,1054500,AR,097,ARKANSAS,MONTGOMERY,20200101,20210101,0120000,2020
26260,00000,"HOPE, AR",GSE,S,0073000,0548250,0702000,0848500,1054500,AR,099,ARKANSAS,NEVADA,20200101,20210101,0073000,2020
25460,00000,"HARRISON, AR",GSE,S,0117000,0548250,0702000,0848500,1054500,AR,101,ARKANSAS,NEWTON,20200101,20210101,0117000,2020
15780,00000,"CAMDEN, AR",GSE,S,0072000,0548250,0702000,0848500,1054500,AR,103,ARKANSAS,OUACHITA,20200101,20210101,0173000,2009
30780,00000,"LITTLE ROCK-NORTH LITTLE ROCK-CONWAY, AR",GSE,S,0164000,0548250,0702000,0848500,1054500,AR,105,ARKANSAS,PERRY,20200101,20210101,0168000,2009
25760,00000,"HELENA-WEST HELENA, AR",GSE,S,0038000,0548250,0702000,0848500,1054500,AR,107,ARKANSAS,PHILLIPS,20200101,20210101,0065000,2013
99999,00000,NON-METRO,GSE,S,0149000,0548250,0702000,0848500,1054500,AR,109,ARKANSAS,PIKE,20200101,20210101,0149000,2020
27860,00000,"JONESBORO, AR",GSE,S,0150000,0548250,0702000,0848500,1054500,AR,111,ARKANSAS,POINSETT,20200101,20210101,0150000,2020
99999,00000,NON-METRO,GSE,S,0085000,0548250,0702000,0848500,1054500,AR,113,ARKANSAS,POLK,20200101,20210101,0085000,2020
40780,00000,"RUSSELLVILLE, AR",GSE,S,0130000,0548250,0702000,0848500,1054500,AR,115,ARKANSAS,POPE,20200101,20210101,0130000,2020
99999,00000,NON-METRO,GSE,S,0077000,0548250,0702000,0848500,1054500,AR,117,ARKANSAS,PRAIRIE,20200101,20210101,0096000,2013
30780,00000,"LITTLE ROCK-NORTH LITTLE ROCK-CONWAY, AR",GSE,S,0164000,0548250,0702000,0848500,1054500,AR,119,ARKANSAS,PULASKI,20200101,20210101,0168000,2009
99999,00000,NON-METRO,GSE,S,0073000,0548250,0702000,0848500,1054500,AR,121,ARKANSAS,RANDOLPH,20200101,20210101,0079000,2019
22620,00000,"FORREST CITY, AR",GSE,S,0055000,0548250,0702000,0848500,1054500,AR,123,ARKANSAS,ST. FRANCIS,20200101,20210101,0060000,2017
30780,00000,"LITTLE ROCK-NORTH LITTLE ROCK-CONWAY, AR",GSE,S,0164000,0548250,0702000,0848500,1054500,AR,125,ARKANSAS,SALINE,20200101,20210101,0168000,2009
99999,00000,NON-METRO,GSE,S,0060000,0548250,0702000,0848500,1054500,AR,127,ARKANSAS,SCOTT,20200101,20210101,0065000,2017
99999,00000,NON-METRO,GSE,S,0065000,0548250,0702000,0848500,1054500,AR,129,ARKANSAS,SEARCY,20200101,20210101,0068000,2010
22900,00000,"FORT SMITH, AR-OK",GSE,S,0175000,0548250,0702000,0848500,1054500,AR,131,ARKANSAS,SEBASTIAN,20200101,20210101,0175000,2020
99999,00000,NON-METRO,GSE,S,0091000,0548250,0702000,0848500,1054500,AR,133,ARKANSAS,SEVIER,20200101,20210101,0091000,2020
12900,00000,"BATESVILLE, AR",GSE,S,0095000,0548250,0702000,0848500,1054500,AR,135,ARKANSAS,SHARP,20200101,20210101,0097000,2008
99999,00000,NON-METRO,GSE,S,0071000,0548250,0702000,0848500,1054500,AR,137,ARKANSAS,STONE,20200101,20210101,0118000,2019
20980,00000,"EL DORADO, AR",GSE,S,0085000,0548250,0702000,0848500,1054500,AR,139,ARKANSAS,UNION,20200101,20210101,0115000,2009
99999,00000,NON-METRO,GSE,S,0076000,0548250,0702000,0848500,1054500,AR,141,ARKANSAS,VAN BUREN,20200101,20210101,0080000,2009
22220,00000,"FAYETTEVILLE-SPRINGDALE-ROGERS, AR",GSE,S,0215000,0548250,0702000,0848500,1054500,AR,143,ARKANSAS,WASHINGTON,20200101,20210101,0215000,2020
42620,00000,"SEARCY, AR",GSE,S,0112000,0548250,0702000,0848500,1054500,AR,145,ARKANSAS,WHITE,20200101,20210101,0119000,2009
99999,00000,NON-METRO,GSE,S,0075000,0548250,0702000,0848500,1054500,AR,147,ARKANSAS,WOODRUFF,20200101,20210101,0075000,2020
40780,00000,"RUSSELLVILLE, AR",GSE,S,0130000,0548250,0702000,0848500,1054500,AR,149,ARKANSAS,YELL,20200101,20210101,0130000,2020
99999,00000,NON-METRO,GSE,S,0101000,0548250,0702000,0848500,1054500,AS,010,AMERICAN SAMOA,EASTERN DISTRIC,20200101,20210101,0122000,2008
99999,00000,NON-METRO,GSE,S,0086000,0548250,0702000,0848500,1054500,AS,020,AMERICAN SAMOA,MANU'A DISTRICT,20200101,20210101,0230000,2008
99999,00000,NON-METRO,GSE,S,0102000,0548250,0702000,0848500,1054500,AS,030,AMERICAN SAMOA,ROSE ISLAND,20200101,20210101,0128000,2008
99999,00000,NON-METRO,GSE,S,0028000,0548250,0702000,0848500,1054500,AS,040,AMERICAN SAMOA,SWAINS ISLAND,20200101,20210101,0062000,2008
99999,00000,NON-METRO,GSE,S,0105000,0548250,0702000,0848500,1054500,AS,050,AMERICAN SAMOA,WESTERN DISTRIC,20200101,20210101,0125000,2008
99999,00000,NON-METRO,GSE,S,0100000,0548250,0702000,0848500,1054500,AZ,001,ARIZONA,APACHE,20200101,20210101,0150000,2008
43420,00000,"SIERRA VISTA-DOUGLAS, AZ",GSE,S,0160000,0548250,0702000,0848500,1054500,AZ,003,ARIZONA,COCHISE,20200101,20210101,0176000,2009
22380,00000,"FLAGSTAFF, AZ",GSE,S,0339000,0548250,0702000,0848500,1054500,AZ,005,ARIZONA,COCONINO,20200101,20210101,0339000,2020
37740,00000,"PAYSON, AZ",GSE,S,0210000,0548250,0702000,0848500,1054500,AZ,007,ARIZONA,GILA,20200101,20210101,0210000,2020
40940,00000,"SAFFORD, AZ",GSE,S,0169000,0548250,0702000,0848500,1054500,AZ,009,ARIZONA,GRAHAM,20200101,20210101,0169000,2020
99999,00000,NON-METRO,GSE,S,0078000,0548250,0702000,0848500,1054500,AZ,011,ARIZONA,GREENLEE,20200101,20210101,0124000,2017
99999,00000,NON-METRO,GSE,S,0080000,0548250,0702000,0848500,1054500,AZ,012,ARIZONA,LA PAZ,20200101,20210101,0091000,2009
38060,00000,"PHOENIX-MESA-CHANDLER, AZ",GSE,S,0320000,0548250,0702000,0848500,1054500,AZ,013,ARIZONA,MARICOPA,20200101,20210101,0320000,2020
29420,00000,"LAKE HAVASU CITY-KINGMAN, AZ",GSE,S,0178000,0548250,0702000,0848500,1054500,AZ,015,ARIZONA,MOHAVE,20200101,20210101,0178000,2020
43320,00000,"SHOW LOW, AZ",GSE,S,0170000,0548250,0702000,0848500,1054500,AZ,017,ARIZONA,NAVAJO,20200101,20210101,0181000,2008
46060,00000,"TUCSON, AZ",GSE,S,0245000,0548250,0702000,0848500,1054500,AZ,019,ARIZONA,PIMA,20200101,20210101,0245000,2020
38060,00000,"PHOENIX-MESA-CHANDLER, AZ",GSE,S,0320000,0548250,0702000,0848500,1054500,AZ,021,ARIZONA,PINAL,20200101,20210101,0320000,2020
35700,00000,"NOGALES, AZ",GSE,S,0175000,0548250,0702000,0848500,1054500,AZ,023,ARIZONA,SANTA CRUZ,20200101,20210101,0175000,2020
39150,00000,"PRESCOTT VALLEY-PRESCOTT, AZ",GSE,S,0285000,0548250,0702000,0848500,1054500,AZ,025,ARIZONA,YAVAPAI,20200101,20210101,0285000,2020
49740,00000,"YUMA, AZ",GSE,S,0155000,0548250,0702000,0848500,1054500,AZ,027,ARIZONA,YUMA,20200101,20210101,0155000,2020
41860,36084,"SAN FRANCISCO-OAKLAND-BERKELEY, CA",GSE,H,1500000,0822375,1053000,1272750,1581750,CA,001,CALIFORNIA,ALAMEDA,20200101,20210101,1500000,2020
99999,00000,NON-METRO,GSE,S,0347000,0548250,0702000,0848500,1054500,CA,003,CALIFORNIA,ALPINE,20200101,20210101,0403000,2008
99999,00000,NON-METRO,GSE,S,0317000,0548250,0702000,0848500,1054500,CA,005,CALIFORNIA,AMADOR,20200101,20210101,0317000,2020
17020,00000,"CHICO, CA",GSE,S,0235000,0548250,0702000,0848500,1054500,CA,007,CALIFORNIA,BUTTE,20200101,20210101,0280000,2019
99999,00000,NON-METRO,GSE,S,0298000,0548250,0702000,0848500,1054500,CA,009,CALIFORNIA,CALAVERAS,20200101,20210101,0325000,2008
99999,00000,NON-METRO,GSE,S,0280000,0548250,0702000,0848500,1054500,CA,011,CALIFORNIA,COLUSA,20200101,20210101,0280000,2020
41860,36084,"SAN FRANCISCO-OAKLAND-BERKELEY, CA",GSE,H,1500000,0822375,1053000,1272750,1581750,CA,013,CALIFORNIA,CONTRA COSTA,20200101,20210101,1500000,2020
18860,00000,"CRESCENT CITY, CA",GSE,S,0212000,0548250,0702000,0848500,1054500,CA,015,CALIFORNIA,DEL NORTE,20200101,20210101,0212000,2020
40900,00000,"SACRAMENTO-ROSEVILLE-FOLSOM, CA",GSE,H,0520000,0598000,0765550,0925350,1150000,CA,017,CALIFORNIA,EL DORADO,20200101,20210101,0520000,2020
23420,00000,"FRESNO, CA",GSE,S,0300000,0548250,0702000,0848500,1054500,CA,019,CALIFORNIA,FRESNO,20200101,20210101,0300000,2020
99999,00000,NON-METRO,GSE,S,0252000,0548250,0702000,0848500,1054500,CA,021,CALIFORNIA,GLENN,20200101,20210101,0252000,2020
21700,00000,"EUREKA-ARCATA, CA",GSE,S,0310000,0548250,0702000,0848500,1054500,CA,023,CALIFORNIA,HUMBOLDT,20200101,20210101,0310000,2020
20940,00000,"EL CENTRO, CA",GSE,S,0250000,0548250,0702000,0848500,1054500,CA,025,CALIFORNIA,IMPERIAL,20200101,20210101,0250000,2020
99999,00000,NON-METRO,GSE,S,0325000,0548250,0702000,0848500,1054500,CA,027,CALIFORNIA,INYO,20200101,20210101,0325000,2019
12540,00000,"BAKERSFIELD, CA",GSE,S,0245000,0548250,0702000,0848500,1054500,CA,029,CALIFORNIA,KERN,20200101,20210101,0245000,2020
25260,00000,"HANFORD-CORCORAN, CA",GSE,S,0255000,0548250,0702000,0848500,1054500,CA,031,CALIFORNIA,KINGS,20200101,20210101,0255000,2020
17340,00000,"CLEARLAKE, CA",GSE,S,0215000,0548250,0702000,0848500,1054500,CA,033,CALIFORNIA,LAKE,20200101,20210101,0215000,2020
45000,00000,"SUSANVILLE, CA",GSE,S,0175000,0548250,0702000,0848500,1054500,CA,035,CALIFORNIA,LASSEN,20200101,20210101,0190000,2008
31080,31084,"LOS ANGELES-LONG BEACH-ANAHEIM, CA",GSE,H,0839000,0822375,1053000,1272750,1581750,CA,037,CALIFORNIA,LOS ANGELES,20200101,20210101,0839000,2020
31460,00000,"MADERA, CA",GSE,S,0296000,0548250,0702000,0848500,1054500,CA,039,CALIFORNIA,MADERA,20200101,20210101,0296000,2020
41860,42034,"SAN FRANCISCO-OAKLAND-BERKELEY, CA",GSE,H,1500000,0822375,1053000,1272750,1581750,CA,041,CALIFORNIA,MARIN,20200101,20210101,1500000,2020
99999,00000,NON-METRO,GSE,S,0246000,0548250,0702000,0848500,1054500,CA,043,CALIFORNIA,MARIPOSA,20200101,20210101,0280000,2008
46380,00000,"UKIAH, CA",GSE,S,0385000,0548250,0702000,0848500,1054500,CA,045,CALIFORNIA,MENDOCINO,20200101,20210101,0385000,2020
32900,00000,"MERCED, CA",GSE,S,0300000,0548250,0702000,0848500,1054500,CA,047,CALIFORNIA,MERCED,20200101,20210101,0300000,2020
99999,00000,NON-METRO,GSE,S,0129000,0548250,0702000,0848500,1054500,CA,049,CALIFORNIA,MODOC,20200101,20210101,0151000,2009
99999,00000,NON-METRO,GSE,S,0444000,0548250,0702000,0848500,1054500,CA,051,CALIFORNIA,MONO,20090101,20210101,0460000,2008
41500,00000,"SALINAS, CA",GSE,H,0643000,0739450,0946650,1144250,1422050,CA,053,CALIFORNIA,MONTEREY,20200101,20210101,0643000,2020
34900,00000,"NAPA, CA",GSE,H,0710000,0816500,1045250,1263500,1570200,CA,055,CALIFORNIA,NAPA,20200101,20210101,0710000,2020
46020,00000,"TRUCKEE-GRASS VALLEY, CA",GSE,S,0458000,0548250,0702000,0848500,1054500,CA,057,CALIFORNIA,NEVADA,20200101,20210101,0458000,2020
31080,11244,"LOS ANGELES-LONG BEACH-ANAHEIM, CA",GSE,H,0839000,0822375,1053000,1272750,1581750,CA,059,CALIFORNIA,ORANGE,20200101,20210101,0839000,2020
40900,00000,"SACRAMENTO-ROSEVILLE-FOLSOM, CA",GSE,H,0520000,0598000,0765550,0925350,1150000,CA,061,CALIFORNIA,PLACER,20200101,20210101,0520000,2020
99999,00000,NON-METRO,GSE,S,0249000,0548250,0702000,0848500,1054500,CA,063,CALIFORNIA,PLUMAS,20200101,20210101,0293000,2008
40140,00000,"RIVERSIDE-SAN BERNARDINO-ONTARIO, CA",GSE,S,0415000,0548250,0702000,0848500,1054500,CA,065,CALIFORNIA,RIVERSIDE,20200101,20210101,0415000,2020
40900,00000,"SACRAMENTO-ROSEVILLE-FOLSOM, CA",GSE,H,0520000,0598000,0765550,0925350,1150000,CA,067,CALIFORNIA,SACRAMENTO,20200101,20210101,0520000,2020
41940,00000,"SAN JOSE-SUNNYVALE-SANTA CLARA, CA",GSE,H,1235000,0822375,1053000,1272750,1581750,CA,069,CALIFORNIA,SAN BENITO,20200101,20210101,1235000,2020
40140,00000,"RIVERSIDE-SAN BERNARDINO-ONTARIO, CA",GSE,S,0415000,0548250,0702000,0848500,1054500,CA,071,CALIFORNIA,SAN BERNARDINO,20200101,20210101,0415000,2020
41740,00000,"SAN DIEGO-CHULA VISTA-CARLSBAD, CA",GSE,H,0655000,0753250,0964300,1165600,1448600,CA,073,CALIFORNIA,SAN DIEGO,20200101,20210101,0655000,2020
41860,41884,"SAN FRANCISCO-OAKLAND-BERKELEY, CA",GSE,H,1500000,0822375,1053000,1272750,1581750,CA,075,CALIFORNIA,SAN FRANCISCO,20200101,20210101,1500000,2020
44700,00000,"STOCKTON, CA",GSE,S,0420000,0548250,0702000,0848500,1054500,CA,077,CALIFORNIA,SAN JOAQUIN,20200101,20210101,0420000,2020
42020,00000,"SAN LUIS OBISPO-PASO ROBLES, CA",GSE,H,0610000,0701500,0898050,1085550,1349050,CA,079,CALIFORNIA,SAN LUIS OBISPO,20200101,20210101,0610000,2020
41860,41884,"SAN FRANCISCO-OAKLAND-BERKELEY, CA",GSE,H,1500000,0822375,1053000,1272750,1581750,CA,081,CALIFORNIA,SAN MATEO,20200101,20210101,1500000,2020
42200,00000,"SANTA MARIA-SANTA BARBARA, CA",GSE,H,0574000,0660100,0845050,1021450,1269450,CA,083,CALIFORNIA,SANTA BARBARA,20200101,20210101,0574000,2020
41940,00000,"SAN JOSE-SUNNYVALE-SANTA CLARA, CA",GSE,H,1235000,0822375,1053000,1272750,1581750,CA,085,CALIFORNIA,SANTA CLARA,20200101,20210101,1235000,2020
42100,00000,"SANTA CRUZ-WATSONVILLE, CA",GSE,H,0822000,0822375,1053000,1272750,1581750,CA,087,CALIFORNIA,SANTA CRUZ,20200101,20210101,0822000,2020
39820,00000,"REDDING, CA",GSE,S,0275000,0548250,0702000,0848500,1054500,CA,089,CALIFORNIA,SHASTA,20200101,20210101,0275000,2020
99999,00000,NON-METRO,GSE,S,0207000,0548250,0702000,0848500,1054500,CA,091,CALIFORNIA,SIERRA,20200101,20210101,0265000,2009
99999,00000,NON-METRO,GSE,S,0154000,0548250,0702000,0848500,1054500,CA,093,CALIFORNIA,SISKIYOU,20200101,20210101,0185000,2008
46700,00000,"VALLEJO, CA",GSE,H,0479000,0550850,0705200,0852400,1059350,CA,095,CALIFORNIA,SOLANO,20200101,20210101,0479000,2020
42220,00000,"SANTA ROSA-PETALUMA, CA",GSE,H,0615000,0707250,0905400,1094450,1360100,CA,097,CALIFORNIA,SONOMA,20200101,20210101,0615000,2020
33700,00000,"MODESTO, CA",GSE,S,0345000,0548250,0702000,0848500,1054500,CA,099,CALIFORNIA,STANISLAUS,20200101,20210101,0345000,2020
49700,00000,"YUBA CITY, CA",GSE,S,0325000,0548250,0702000,0848500,1054500,CA,101,CALIFORNIA,SUTTER,20200101,20210101,0325000,2020
39780,00000,"RED BLUFF, CA",GSE,S,0224000,0548250,0702000,0848500,1054500,CA,103,CALIFORNIA,TEHAMA,20200101,20210101,0224000,2020
99999,00000,NON-METRO,GSE,S,0207000,0548250,0702000,0848500,1054500,CA,105,CALIFORNIA,TRINITY,20200101,20210101,0207000,2020
47300,00000,"VISALIA, CA",GSE,S,0255000,0548250,0702000,0848500,1054500,CA,107,CALIFORNIA,TULARE,20200101,20210101,0255000,2020
43760,00000,"SONORA, CA",GSE,S,0280000,0548250,0702000,0848500,1054500,CA,109,CALIFORNIA,TUOLUMNE,20200101,20210101,0288000,2008
37100,00000,"OXNARD-THOUSAND OAKS-VENTURA, CA",GSE,H,0643000,0739450,0946650,1144250,1422050,CA,111,CALIFORNIA,VENTURA,20200101,20210101,0643000,2020
40900,00000,"SACRAMENTO-ROSEVILLE-FOLSOM, CA",GSE,H,0520000,0598000,0765550,0925350,1150000,CA,113,CALIFORNIA,YOLO,20200101,20210101,0520000,2020
49700,00000,"YUBA CITY, CA",GSE,S,0325000,0548250,0702000,0848500,1054500,CA,115,CALIFORNIA,YUBA,20200101,20210101,0325000,2020
19740,00000,"DENVER-AURORA-LAKEWOOD, CO",GSE,H,0519000,0596850,0764050,0923600,1147800,CO,001,COLORADO,ADAMS,20200101,20210101,0519000,2020
99999,00000,NON-METRO,GSE,S,0175000,0548250,0702000,0848500,1054500,CO,003,COLORADO,ALAMOSA,20200101,20210101,0175000,2020
19740,00000,"DENVER-AURORA-LAKEWOOD, CO",GSE,H,0519000,0596850,0764050,0923600,1147800,CO,005,COLORADO,ARAPAHOE,20200101,20210101,0519000,2020
99999,00000,NON-METRO,GSE,S,0287000,0548250,0702000,0848500,1054500,CO,007,COLORADO,ARCHULETA,20200101,20210101,0287000,2020
99999,00000,NON-METRO,GSE,S,0052000,0548250,0702000,0848500,1054500,CO,009,COLORADO,BACA,20200101,20210101,0074000,2009
99999,00000,NON-METRO,GSE,S,0060000,0548250,0702000,0848500,1054500,CO,011,COLORADO,BENT,20200101,20210101,0102000,2009
14500,00000,"BOULDER, CO",GSE,H,0569000,0654350,0837700,1012550,1258400,CO,013,COLORADO,BOULDER,20200101,20210101,0569000,2020
19740,00000,"DENVER-AURORA-LAKEWOOD, CO",GSE,H,0519000,0596850,0764050,0923600,1147800,CO,014,COLORADO,BROOMFIELD,20200101,20210101,0519000,2020
99999,00000,NON-METRO,GSE,S,0340000,0548250,0702000,0848500,1054500,CO,015,COLORADO,CHAFFEE,20200101,20210101,0340000,2020
99999,00000,NON-METRO,GSE,S,0063000,0548250,0702000,0848500,1054500,CO,017,COLORADO,CHEYENNE,20200101,20210101,0116000,2009
19740,00000,"DENVER-AURORA-LAKEWOOD, CO",GSE,H,0519000,0596850,0764050,0923600,1147800,CO,019,COLORADO,CLEAR CREEK,20200101,20210101,0519000,2020
99999,00000,NON-METRO,GSE,S,0100000,0548250,0702000,0848500,1054500,CO,021,COLORADO,CONEJOS,20200101,20210101,0134000,2019
99999,00000,NON-METRO,GSE,S,0030000,0548250,0702000,0848500,1054500,CO,023,COLORADO,COSTILLA,20200101,20210101,0111000,2017
99999,00000,NON-METRO,GSE,S,0091000,0548250,0702000,0848500,1054500,CO,025,COLORADO,CROWLEY,20200101,20210101,0094000,2009
99999,00000,NON-METRO,GSE,S,0230000,0548250,0702000,0848500,1054500,CO,027,COLORADO,CUSTER,20200101,20210101,0230000,2020
99999,00000,NON-METRO,GSE,S,0221000,0548250,0702000,0848500,1054500,CO,029,COLORADO,DELTA,20200101,20210101,0221000,2020
19740,00000,"DENVER-AURORA-LAKEWOOD, CO",GSE,H,0519000,0596850,0764050,0923600,1147800,CO,031,COLORADO,DENVER,20200101,20210101,0519000,2020
99999,00000,NON-METRO,GSE,S,0147000,0548250,0702000,0848500,1054500,CO,033,COLORADO,DOLORES,20200101,20210101,0147000,2020
19740,00000,"DENVER-AURORA-LAKEWOOD, CO",GSE,H,0519000,0596850,0764050,0923600,1147800,CO,035,COLORADO,DOUGLAS,20200101,20210101,0519000,2020
20780,00000,"EDWARDS, CO",GSE,H,0715000,0822250,1052650,1272400,1581300,CO,037,COLORADO,EAGLE,20200101,20210101,0715000,2020
19740,00000,"DENVER-AURORA-LAKEWOOD, CO",GSE,H,0519000,0596850,0764050,0923600,1147800,CO,039,COLORADO,ELBERT,20200101,20210101,0519000,2020
17820,00000,"COLORADO SPRINGS, CO",GSE,S,0342000,0548250,0702000,0848500,1054500,CO,041,COLORADO,EL PASO,20200101,20210101,0342000,2020
15860,00000,"CANON CITY, CO",GSE,S,0215000,0548250,0702000,0848500,1054500,CO,043,COLORADO,FREMONT,20200101,20210101,0215000,2020
24060,00000,"GLENWOOD SPRINGS, CO",GSE,H,0626000,0765600,0980325,1184925,1472550,CO,045,COLORADO,GARFIELD,20200101,20200101,0693000,2019
19740,00000,"DENVER-AURORA-LAKEWOOD, CO",GSE,H,0519000,0596850,0764050,0923600,1147800,CO,047,COLORADO,GILPIN,20200101,20210101,0519000,2020
99999,00000,NON-METRO,GSE,S,0460000,0548250,0702000,0848500,1054500,CO,049,COLORADO,GRAND,20200101,20210101,0460000,2020
99999,00000,NON-METRO,GSE,S,0355000,0548250,0702000,0848500,1054500,CO,051,COLORADO,GUNNISON,20200101,20210101,0355000,2020
99999,00000,NON-METRO,GSE,S,0295000,0548250,0702000,0848500,1054500,CO,053,COLORADO,HINSDALE,20200101,20210101,0372000,2009
99999,00000,NON-METRO,GSE,S,0144000,0548250,0702000,0848500,1054500,CO,055,COLORADO,HUERFANO,20200101,20210101,0144000,2020
99999,00000,NON-METRO,GSE,S,0148000,0548250,0702000,0848500,1054500,CO,057,COLORADO,JACKSON,20200101,20210101,0167000,2019
19740,00000,"DENVER-AURORA-LAKEWOOD, CO",GSE,H,0519000,0596850,0764050,0923600,1147800,CO,059,COLORADO,JEFFERSON,20200101,20210101,0519000,2020
99999,00000,NON-METRO,GSE,S,0073000,0548250,0702000,0848500,1054500,CO,061,COLORADO,KIOWA,20200101,20210101,0081000,2019
99999,00000,NON-METRO,GSE,S,0155000,0548250,0702000,0848500,1054500,CO,063,COLORADO,KIT CARSON,20200101,20210101,0155000,2020
99999,00000,NON-METRO,GSE,H,0257000,0625500,0800775,0967950,1202925,CO,065,COLORADO,LAKE,20140101,20140101,0710000,2008
20420,00000,"DURANGO, CO",GSE,S,0390000,0548250,0702000,0848500,1054500,CO,067,COLORADO,LA PLATA,20200101,20210101,0390000,2020
22660,00000,"FORT COLLINS, CO",GSE,S,0404000,0548250,0702000,0848500,1054500,CO,069,COLORADO,LARIMER,20200101,20210101,0404000,2020
99999,00000,NON-METRO,GSE,S,0115000,0548250,0702000,0848500,1054500,CO,071,COLORADO,LAS ANIMAS,20200101,20210101,0157000,2008
99999,00000,NON-METRO,GSE,S,0137000,0548250,0702000,0848500,1054500,CO,073,COLORADO,LINCOLN,20200101,20210101,0137000,2008
44540,00000,"STERLING, CO",GSE,S,0164000,0548250,0702000,0848500,1054500,CO,075,COLORADO,LOGAN,20200101,20210101,0164000,2020
24300,00000,"GRAND JUNCTION, CO",GSE,S,0265000,0548250,0702000,0848500,1054500,CO,077,COLORADO,MESA,20200101,20210101,0265000,2020
99999,00000,NON-METRO,GSE,S,0300000,0548250,0702000,0848500,1054500,CO,079,COLORADO,MINERAL,20200101,20210101,0300000,2020
18780,00000,"CRAIG, CO",GSE,S,0189000,0548250,0702000,0848500,1054500,CO,081,COLORADO,MOFFAT,20200101,20210101,0189000,2020
99999,00000,NON-METRO,GSE,S,0215000,0548250,0702000,0848500,1054500,CO,083,COLORADO,MONTEZUMA,20200101,20210101,0215000,2020
33940,00000,"MONTROSE, CO",GSE,S,0359000,0548250,0702000,0848500,1054500,CO,085,COLORADO,MONTROSE,20200101,20210101,0370000,2009
22820,00000,"FORT MORGAN, CO",GSE,S,0247000,0548250,0702000,0848500,1054500,CO,087,COLORADO,MORGAN,20200101,20210101,0247000,2020
99999,00000,NON-METRO,GSE,S,0093000,0548250,0702000,0848500,1054500,CO,089,COLORADO,OTERO,20200101,20210101,0109000,2017
33940,00000,"MONTROSE, CO",GSE,S,0359000,0548250,0702000,0848500,1054500,CO,091,COLORADO,OURAY,20200101,20210101,0370000,2009
19740,00000,"DENVER-AURORA-LAKEWOOD, CO",GSE,H,0519000,0596850,0764050,0923600,1147800,CO,093,COLORADO,PARK,20200101,20210101,0519000,2020
99999,00000,NON-METRO,GSE,S,0153000,0548250,0702000,0848500,1054500,CO,095,COLORADO,PHILLIPS,20200101,20210101,0153000,2020
24060,00000,"GLENWOOD SPRINGS, CO",GSE,H,0626000,0765600,0980325,1184925,1472550,CO,097,COLORADO,PITKIN,20200101,20200101,0693000,2019
99999,00000,NON-METRO,GSE,S,0115000,0548250,0702000,0848500,1054500,CO,099,COLORADO,PROWERS,20200101,20210101,0115000,2020
39380,00000,"PUEBLO, CO",GSE,S,0204000,0548250,0702000,0848500,1054500,CO,101,COLORADO,PUEBLO,20200101,20210101,0204000,2020
99999,00000,NON-METRO,GSE,S,0178000,0548250,0702000,0848500,1054500,CO,103,COLORADO,RIO BLANCO,20200101,20210101,0193000,2017
99999,00000,NON-METRO,GSE,S,0150000,0548250,0702000,0848500,1054500,CO,105,COLORADO,RIO GRANDE,20200101,20210101,0150000,2020
44460,00000,"STEAMBOAT SPRINGS, CO",GSE,H,0590000,0678500,0868600,1049950,1304850,CO,107,COLORADO,ROUTT,20200101,20210101,0590000,2020
99999,00000,NON-METRO,GSE,S,0135000,0548250,0702000,0848500,1054500,CO,109,COLORADO,SAGUACHE,20200101,20210101,0150000,2019
99999,00000,NON-METRO,GSE,S,0218000,0548250,0702000,0848500,1054500,CO,111,COLORADO,SAN JUAN,20200101,20210101,0233000,2014
99999,00000,NON-METRO,GSE,H,0565000,0649750,0831800,1005450,1249550,CO,113,COLORADO,SAN MIGUEL,20111001,20210101,0565000,2020
99999,00000,NON-METRO,GSE,S,0085000,0548250,0702000,0848500,1054500,CO,115,COLORADO,SEDGWICK,20200101,20210101,0100000,2009
14720,00000,"BRECKENRIDGE, CO",GSE,H,0805000,0822375,1053000,1272750,1581750,CO,117,COLORADO,SUMMIT,20200101,20210101,0805000,2020
17820,00000,"COLORADO SPRINGS, CO",GSE,S,0342000,0548250,0702000,0848500,1054500,CO,119,COLORADO,TELLER,20200101,20210101,0342000,2020
99999,00000,NON-METRO,GSE,S,0150000,0548250,0702000,0848500,1054500,CO,121,COLORADO,WASHINGTON,20200101,20210101,0150000,2020
24540,00000,"GREELEY, CO",GSE,S,0373000,0548250,0702000,0848500,1054500,CO,123,COLORADO,WELD,20200101,20210101,0373000,2020
99999,00000,NON-METRO,GSE,S,0133000,0548250,0702000,0848500,1054500,CO,125,COLORADO,YUMA,20200101,20210101,0135000,2018
14860,00000,"BRIDGEPORT-STAMFORD-NORWALK, CT",GSE,H,0500000,0601450,0769950,0930700,1156650,CT,001,CONNECTICUT,FAIRFIELD,20200101,20120101,0523000,2011
25540,00000,"HARTFORD-EAST HARTFORD-MIDDLETOWN, CT",GSE,S,0280000,0548250,0702000,0848500,1054500,CT,003,CONNECTICUT,HARTFORD,20200101,20210101,0307000,2009
45860,00000,"TORRINGTON, CT",GSE,S,0270000,0548250,0702000,0848500,1054500,CT,005,CONNECTICUT,LITCHFIELD,20200101,20210101,0311000,2008
25540,00000,"HARTFORD-EAST HARTFORD-MIDDLETOWN, CT",GSE,S,0280000,0548250,0702000,0848500,1054500,CT,007,CONNECTICUT,MIDDLESEX,20200101,20210101,0307000,2009
35300,00000,"NEW HAVEN-MILFORD, CT",GSE,S,0253000,0548250,0702000,0848500,1054500,CT,009,CONNECTICUT,NEW HAVEN,20200101,20210101,0266000,2008
35980,00000,"NORWICH-NEW LONDON, CT",GSE,S,0254000,0548250,0702000,0848500,1054500,CT,011,CONNECTICUT,NEW LONDON,20200101,20210101,0254000,2020
25540,00000,"HARTFORD-EAST HARTFORD-MIDDLETOWN, CT",GSE,S,0280000,0548250,0702000,0848500,1054500,CT,013,CONNECTICUT,TOLLAND,20200101,20210101,0307000,2009
49340,00000,"WORCESTER, MA-CT",GSE,S,0317000,0548250,0702000,0848500,1054500,CT,015,CONNECTICUT,WINDHAM,20200101,20210101,0317000,2020
47900,47894,"WASHINGTON-ARLINGTON-ALEXANDRIA, DC-VA-MD-WV",GSE,H,0823000,0822375,1053000,1272750,1581750,DC,001,DISTRICT OF COLUMBIA,DISTRICT OF COL,20200101,20210101,0823000,2020
20100,00000,"DOVER, DE",GSE,S,0240000,0548250,0702000,0848500,1054500,DE,001,DELAWARE,KENT,20200101,20210101,0240000,2020
37980,48864,"PHILADELPHIA-CAMDEN-WILMINGTON, PA-NJ-DE-MD",GSE,S,0375000,0548250,0702000,0848500,1054500,DE,003,DELAWARE,NEW CASTLE,20200101,20210101,0375000,2020
41540,00000,"SALISBURY, MD-DE",GSE,S,0300000,0548250,0702000,0848500,1054500,DE,005,DELAWARE,SUSSEX,20200101,20210101,0300000,2019
23540,00000,"GAINESVILLE, FL",GSE,S,0214000,0548250,0702000,0848500,1054500,FL,001,FLORIDA,ALACHUA,20200101,20210101,0214000,2020
27260,00000,"JACKSONVILLE, FL",GSE,S,0338000,0548250,0702000,0848500,1054500,FL,003,FLORIDA,BAKER,20200101,20210101,0338000,2020
37460,00000,"PANAMA CITY, FL",GSE,S,0205000,0548250,0702000,0848500,1054500,FL,005,FLORIDA,BAY,20200101,20210101,0205000,2020
99999,00000,NON-METRO,GSE,S,0113000,0548250,0702000,0848500,1054500,FL,007,FLORIDA,BRADFORD,20200101,20210101,0113000,2020
37340,00000,"PALM BAY-MELBOURNE-TITUSVILLE, FL",GSE,S,0229000,0548250,0702000,0848500,1054500,FL,009,FLORIDA,BREVARD,20200101,20210101,0229000,2020
33100,22744,"MIAMI-FORT LAUDERDALE-POMPANO BEACH, FL",GSE,S,0350000,0548250,0702000,0848500,1054500,FL,011,FLORIDA,BROWARD,20200101,20210101,0350000,2020
99999,00000,NON-METRO,GSE,S,0054000,0548250,0702000,0848500,1054500,FL,013,FLORIDA,CALHOUN,20200101,20210101,0079000,2009
39460,00000,"PUNTA GORDA, FL",GSE,S,0219000,0548250,0702000,0848500,1054500,FL,015,FLORIDA,CHARLOTTE,20200101,20210101,0219000,2020
26140,00000,"HOMOSASSA SPRINGS, FL",GSE,S,0140000,0548250,0702000,0848500,1054500,FL,017,FLORIDA,CITRUS,20200101,20210101,0140000,2020
27260,00000,"JACKSONVILLE, FL",GSE,S,0338000,0548250,0702000,0848500,1054500,FL,019,FLORIDA,CLAY,20200101,20210101,0338000,2020
34940,00000,"NAPLES-MARCO ISLAND, FL",GSE,S,0400000,0548250,0702000,0848500,1054500,FL,021,FLORIDA,COLLIER,20200101,20210101,0400000,2020
29380,00000,"LAKE CITY, FL",GSE,S,0120000,0548250,0702000,0848500,1054500,FL,023,FLORIDA,COLUMBIA,20200101,20210101,0125000,2009
11580,00000,"ARCADIA, FL",GSE,S,0115000,0548250,0702000,0848500,1054500,FL,027,FLORIDA,DESOTO,20200101,20210101,0115000,2020
99999,00000,NON-METRO,GSE,S,0068000,0548250,0702000,0848500,1054500,FL,029,FLORIDA,DIXIE,20200101,20210101,0093000,2008
27260,00000,"JACKSONVILLE, FL",GSE,S,0338000,0548250,0702000,0848500,1054500,FL,031,FLORIDA,DUVAL,20200101,20210101,0338000,2020
37860,00000,"PENSACOLA-FERRY PASS-BRENT, FL",GSE,S,0230000,0548250,0702000,0848500,1054500,FL,033,FLORIDA,ESCAMBIA,20200101,20210101,0230000,2020
19660,00000,"DELTONA-DAYTONA BEACH-ORMOND BEACH, FL",GSE,S,0236000,0548250,0702000,0848500,1054500,FL,035,FLORIDA,FLAGLER,20200101,20210101,0236000,2020
99999,00000,NON-METRO,GSE,S,0150000,0548250,0702000,0848500,1054500,FL,037,FLORIDA,FRANKLIN,20200101,20210101,0213000,2009
45220,00000,"TALLAHASSEE, FL",GSE,S,0196000,0548250,0702000,0848500,1054500,FL,039,FLORIDA,GADSDEN,20200101,20210101,0196000,2020
23540,00000,"GAINESVILLE, FL",GSE,S,0214000,0548250,0702000,0848500,1054500,FL,041,FLORIDA,GILCHRIST,20200101,20210101,0214000,2020
99999,00000,NON-METRO,GSE,S,0067000,0548250,0702000,0848500,1054500,FL,043,FLORIDA,GLADES,20200101,20210101,0086000,2009
99999,00000,NON-METRO,GSE,S,0150000,0548250,0702000,0848500,1054500,FL,045,FLORIDA,GULF,20200101,20210101,0207000,2008
99999,00000,NON-METRO,GSE,S,0070000,0548250,0702000,0848500,1054500,FL,047,FLORIDA,HAMILTON,20200101,20210101,0070000,2009
48100,00000,"WAUCHULA, FL",GSE,S,0070000,0548250,0702000,0848500,1054500,FL,049,FLORIDA,HARDEE,20200101,20210101,0087000,2008
17500,00000,"CLEWISTON, FL",GSE,S,0110000,0548250,0702000,0848500,1054500,FL,051,FLORIDA,HENDRY,20200101,20210101,0120000,2008
45300,00000,"TAMPA-ST. PETERSBURG-CLEARWATER, FL",GSE,S,0260000,0548250,0702000,0848500,1054500,FL,053,FLORIDA,HERNANDO,20200101,20210101,0260000,2020
42700,00000,"SEBRING-AVON PARK, FL",GSE,S,0135000,0548250,0702000,0848500,1054500,FL,055,FLORIDA,HIGHLANDS,20200101,20210101,0135000,2020
45300,00000,"TAMPA-ST. PETERSBURG-CLEARWATER, FL",GSE,S,0260000,0548250,0702000,0848500,1054500,FL,057,FLORIDA,HILLSBOROUGH,20200101,20210101,0260000,2020
99999,00000,NON-METRO,GSE,S,0072000,0548250,0702000,0848500,1054500,FL,059,FLORIDA,HOLMES,20200101,20210101,0093000,2008
42680,00000,"SEBASTIAN-VERO BEACH, FL",GSE,S,0243000,0548250,0702000,0848500,1054500,FL,061,FLORIDA,INDIAN RIVER,20200101,20210101,0243000,2020
99999,00000,NON-METRO,GSE,S,0081000,0548250,0702000,0848500,1054500,FL,063,FLORIDA,JACKSON,20200101,20210101,0110000,2008
45220,00000,"TALLAHASSEE, FL",GSE,S,0196000,0548250,0702000,0848500,1054500,FL,065,FLORIDA,JEFFERSON,20200101,20210101,0196000,2020
99999,00000,NON-METRO,GSE,S,0075000,0548250,0702000,0848500,1054500,FL,067,FLORIDA,LAFAYETTE,20200101,20210101,0097000,2009
36740,00000,"ORLANDO-KISSIMMEE-SANFORD, FL",GSE,S,0299000,0548250,0702000,0848500,1054500,FL,069,FLORIDA,LAKE,20200101,20210101,0299000,2020
15980,00000,"CAPE CORAL-FORT MYERS, FL",GSE,S,0241000,0548250,0702000,0848500,1054500,FL,071,FLORIDA,LEE,20200101,20210101,0241000,2020
45220,00000,"TALLAHASSEE, FL",GSE,S,0196000,0548250,0702000,0848500,1054500,FL,073,FLORIDA,LEON,20200101,20210101,0196000,2020
23540,00000,"GAINESVILLE, FL",GSE,S,0214000,0548250,0702000,0848500,1054500,FL,075,FLORIDA,LEVY,20200101,20210101,0214000,2020
99999,00000,NON-METRO,GSE,S,0059000,0548250,0702000,0848500,1054500,FL,077,FLORIDA,LIBERTY,20200101,20210101,0100000,2008
99999,00000,NON-METRO,GSE,S,0068000,0548250,0702000,0848500,1054500,FL,079,FLORIDA,MADISON,20200101,20210101,0095000,2009
35840,00000,"NORTH PORT-SARASOTA-BRADENTON, FL",GSE,S,0308000,0548250,0702000,0848500,1054500,FL,081,FLORIDA,MANATEE,20200101,20210101,0308000,2020
36100,00000,"OCALA, FL",GSE,S,0162000,0548250,0702000,0848500,1054500,FL,083,FLORIDA,MARION,20200101,20210101,0162000,2020
38940,00000,"PORT ST. LUCIE, FL",GSE,S,0332000,0548250,0702000,0848500,1054500,FL,085,FLORIDA,MARTIN,20200101,20210101,0332000,2020
33100,33124,"MIAMI-FORT LAUDERDALE-POMPANO BEACH, FL",GSE,S,0350000,0548250,0702000,0848500,1054500,FL,086,FLORIDA,MIAMI-DADE,20200101,20210101,0350000,2020
28580,00000,"KEY WEST, FL",GSE,H,0529000,0608350,0778800,0941400,1169900,FL,087,FLORIDA,MONROE,20200101,20210101,0529000,2020
27260,00000,"JACKSONVILLE, FL",GSE,S,0338000,0548250,0702000,0848500,1054500,FL,089,FLORIDA,NASSAU,20200101,20210101,0338000,2020
18880,00000,"CRESTVIEW-FORT WALTON BEACH-DESTIN, FL",GSE,S,0384000,0548250,0702000,0848500,1054500,FL,091,FLORIDA,OKALOOSA,20200101,20210101,0384000,2020
36380,00000,"OKEECHOBEE, FL",GSE,S,0092000,0548250,0702000,0848500,1054500,FL,093,FLORIDA,OKEECHOBEE,20200101,20210101,0110000,2008
36740,00000,"ORLANDO-KISSIMMEE-SANFORD, FL",GSE,S,0299000,0548250,0702000,0848500,1054500,FL,095,FLORIDA,ORANGE,20200101,20210101,0299000,2020
36740,00000,"ORLANDO-KISSIMMEE-SANFORD, FL",GSE,S,0299000,0548250,0702000,0848500,1054500,FL,097,FLORIDA,OSCEOLA,20200101,20210101,0299000,2020
33100,48424,"MIAMI-FORT LAUDERDALE-POMPANO BEACH, FL",GSE,S,0350000,0548250,0702000,0848500,1054500,FL,099,FLORIDA,PALM BEACH,20200101,20210101,0350000,2020
45300,00000,"TAMPA-ST. PETERSBURG-CLEARWATER, FL",GSE,S,0260000,0548250,0702000,0848500,1054500,FL,101,FLORIDA,PASCO,20200101,20210101,0260000,2020
45300,00000,"TAMPA-ST. PETERSBURG-CLEARWATER, FL",GSE,S,0260000,0548250,0702000,0848500,1054500,FL,103,FLORIDA,PINELLAS,20200101,20210101,0260000,2020
29460,00000,"LAKELAND-WINTER HAVEN, FL",GSE,S,0206000,0548250,0702000,0848500,1054500,FL,105,FLORIDA,POLK,20200101,20210101,0206000,2020
37260,00000,"PALATKA, FL",GSE,S,0075000,0548250,0702000,0848500,1054500,FL,107,FLORIDA,PUTNAM,20200101,20210101,0096000,2008
27260,00000,"JACKSONVILLE, FL",GSE,S,0338000,0548250,0702000,0848500,1054500,FL,109,FLORIDA,ST. JOHNS,20200101,20210101,0338000,2020
38940,00000,"PORT ST. LUCIE, FL",GSE,S,0332000,0548250,0702000,0848500,1054500,FL,111,FLORIDA,ST. LUCIE,20200101,20210101,0332000,2020
37860,00000,"PENSACOLA-FERRY PASS-BRENT, FL",GSE,S,0230000,0548250,0702000,0848500,1054500,FL,113,FLORIDA,SANTA ROSA,20200101,20210101,0230000,2020
35840,00000,"NORTH PORT-SARASOTA-BRADENTON, FL",GSE,S,0308000,0548250,0702000,0848500,1054500,FL,115,FLORIDA,SARASOTA,20200101,20210101,0308000,2020
36740,00000,"ORLANDO-KISSIMMEE-SANFORD, FL",GSE,S,0299000,0548250,0702000,0848500,1054500,FL,117,FLORIDA,SEMINOLE,20200101,20210101,0299000,2020
45540,00000,"THE VILLAGES, FL",GSE,S,0276000,0548250,0702000,0848500,1054500,FL,119,FLORIDA,SUMTER,20200101,20210101,0276000,2020
99999,00000,NON-METRO,GSE,S,0080000,0548250,0702000,0848500,1054500,FL,121,FLORIDA,SUWANNEE,20200101,20210101,0116000,2008
99999,00000,NON-METRO,GSE,S,0070000,0548250,0702000,0848500,1054500,FL,123,FLORIDA,TAYLOR,20200101,20210101,0083000,2009
99999,00000,NON-METRO,GSE,S,0058000,0548250,0702000,0848500,1054500,FL,125,FLORIDA,UNION,20200101,20210101,0130000,2009
19660,00000,"DELTONA-DAYTONA BEACH-ORMOND BEACH, FL",GSE,S,0236000,0548250,0702000,0848500,1054500,FL,127,FLORIDA,VOLUSIA,20200101,20210101,0236000,2020
45220,00000,"TALLAHASSEE, FL",GSE,S,0196000,0548250,0702000,0848500,1054500,FL,129,FLORIDA,WAKULLA,20200101,20210101,0196000,2020
18880,00000,"CRESTVIEW-FORT WALTON BEACH-DESTIN, FL",GSE,S,0384000,0548250,0702000,0848500,1054500,FL,131,FLORIDA,WALTON,20200101,20210101,0384000,2020
99999,00000,NON-METRO,GSE,S,0093000,0548250,0702000,0848500,1054500,FL,133,FLORIDA,WASHINGTON,20200101,20210101,0105000,2008
99999,00000,NON-METRO,GSE,S,0055000,0548250,0702000,0848500,1054500,GA,001,GEORGIA,APPLING,20200101,20210101,0123000,2009
20060,00000,"DOUGLAS, GA",GSE,S,0075000,0548250,0702000,0848500,1054500,GA,003,GEORGIA,ATKINSON,20200101,20210101,0125000,2008
99999,00000,NON-METRO,GSE,S,0038000,0548250,0702000,0848500,1054500,GA,005,GEORGIA,BACON,20200101,20210101,0081000,2008
99999,00000,NON-METRO,GSE,S,0018000,0548250,0702000,0848500,1054500,GA,007,GEORGIA,BAKER,20200101,20210101,0105000,2008
33300,00000,"MILLEDGEVILLE, GA",GSE,S,0148000,0548250,0702000,0848500,1054500,GA,009,GEORGIA,BALDWIN,20200101,20210101,0166000,2008
99999,00000,NON-METRO,GSE,S,0163000,0548250,0702000,0848500,1054500,GA,011,GEORGIA,BANKS,20200101,20210101,0163000,2020
12060,00000,"ATLANTA-SANDY SPRINGS-ALPHARETTA, GA",GSE,S,0359000,0548250,0702000,0848500,1054500,GA,013,GEORGIA,BARROW,20200101,20210101,0359000,2020
12060,00000,"ATLANTA-SANDY SPRINGS-ALPHARETTA, GA",GSE,S,0359000,0548250,0702000,0848500,1054500,GA,015,GEORGIA,BARTOW,20200101,20210101,0359000,2020
22340,00000,"FITZGERALD, GA",GSE,S,0060000,0548250,0702000,0848500,1054500,GA,017,GEORGIA,BEN HILL,20200101,20210101,0088000,2008
99999,00000,NON-METRO,GSE,S,0100000,0548250,0702000,0848500,1054500,GA,019,GEORGIA,BERRIEN,20200101,20210101,0126000,2008
31420,00000,"MACON-BIBB COUNTY, GA",GSE,S,0162000,0548250,0702000,0848500,1054500,GA,021,GEORGIA,BIBB,20200101,20210101,0178000,2010
99999,00000,NON-METRO,GSE,S,0065000,0548250,0702000,0848500,1054500,GA,023,GEORGIA,BLECKLEY,20200101,20210101,0121000,2008
15260,00000,"BRUNSWICK, GA",GSE,S,0238000,0548250,0702000,0848500,1054500,GA,025,GEORGIA,BRANTLEY,20200101,20210101,0238000,2020
46660,00000,"VALDOSTA, GA",GSE,S,0150000,0548250,0702000,0848500,1054500,GA,027,GEORGIA,BROOKS,20200101,20210101,0159000,2008
42340,00000,"SAVANNAH, GA",GSE,S,0250000,0548250,0702000,0848500,1054500,GA,029,GEORGIA,BRYAN,20200101,20210101,0250000,2020
44340,00000,"STATESBORO, GA",GSE,S,0148000,0548250,0702000,0848500,1054500,GA,031,GEORGIA,BULLOCH,20200101,20210101,0148000,2020
12260,00000,"AUGUSTA-RICHMOND COUNTY, GA-SC",GSE,S,0215000,0548250,0702000,0848500,1054500,GA,033,GEORGIA,BURKE,20200101,20210101,0215000,2020
12060,00000,"ATLANTA-SANDY SPRINGS-ALPHARETTA, GA",GSE,S,0359000,0548250,0702000,0848500,1054500,GA,035,GEORGIA,BUTTS,20200101,20210101,0359000,2020
99999,00000,NON-METRO,GSE,S,0039000,0548250,0702000,0848500,1054500,GA,037,GEORGIA,CALHOUN,20200101,20210101,0078000,2009
41220,00000,"ST. MARYS, GA",GSE,S,0168000,0548250,0702000,0848500,1054500,GA,039,GEORGIA,CAMDEN,20200101,20210101,0168000,2020
99999,00000,NON-METRO,GSE,S,0068000,0548250,0702000,0848500,1054500,GA,043,GEORGIA,CANDLER,20200101,20210101,0090000,2008
12060,00000,"ATLANTA-SANDY SPRINGS-ALPHARETTA, GA",GSE,S,0359000,0548250,0702000,0848500,1054500,GA,045,GEORGIA,CARROLL,20200101,20210101,0359000,2020
16860,00000,"CHATTANOOGA, TN-GA",GSE,S,0221000,0548250,0702000,0848500,1054500,GA,047,GEORGIA,CATOOSA,20200101,20210101,0221000,2020
99999,00000,NON-METRO,GSE,S,0066000,0548250,0702000,0848500,1054500,GA,049,GEORGIA,CHARLTON,20200101,20210101,0113000,2008
42340,00000,"SAVANNAH, GA",GSE,S,0250000,0548250,0702000,0848500,1054500,GA,051,GEORGIA,CHATHAM,20200101,20210101,0250000,2020
17980,00000,"COLUMBUS, GA-AL",GSE,S,0229000,0548250,0702000,0848500,1054500,GA,053,GEORGIA,CHATTAHOOCHEE,20200101,20210101,0252000,2009
44900,00000,"SUMMERVILLE, GA",GSE,S,0065000,0548250,0702000,0848500,1054500,GA,055,GEORGIA,CHATTOOGA,20200101,20210101,0124000,2009
12060,00000,"ATLANTA-SANDY SPRINGS-ALPHARETTA, GA",GSE,S,0359000,0548250,0702000,0848500,1054500,GA,057,GEORGIA,CHEROKEE,20200101,20210101,0359000,2020
12020,00000,"ATHENS-CLARKE COUNTY, GA",GSE,S,0340000,0548250,0702000,0848500,1054500,GA,059,GEORGIA,CLARKE,20200101,20210101,0340000,2020
99999,00000,NON-METRO,GSE,S,0074000,0548250,0702000,0848500,1054500,GA,061,GEORGIA,CLAY,20200101,20210101,0112000,2008
12060,00000,"ATLANTA-SANDY SPRINGS-ALPHARETTA, GA",GSE,S,0359000,0548250,0702000,0848500,1054500,GA,063,GEORGIA,CLAYTON,20200101,20210101,0359000,2020
99999,00000,NON-METRO,GSE,S,0042000,0548250,0702000,0848500,1054500,GA,065,GEORGIA,CLINCH,20200101,20210101,0122000,2008
12060,00000,"ATLANTA-SANDY SPRINGS-ALPHARETTA, GA",GSE,S,0359000,0548250,0702000,0848500,1054500,GA,067,GEORGIA,COBB,20200101,20210101,0359000,2020
20060,00000,"DOUGLAS, GA",GSE,S,0075000,0548250,0702000,0848500,1054500,GA,069,GEORGIA,COFFEE,20200101,20210101,0125000,2008
34220,00000,"MOULTRIE, GA",GSE,S,0080000,0548250,0702000,0848500,1054500,GA,071,GEORGIA,COLQUITT,20200101,20210101,0109000,2008
12260,00000,"AUGUSTA-RICHMOND COUNTY, GA-SC",GSE,S,0215000,0548250,0702000,0848500,1054500,GA,073,GEORGIA,COLUMBIA,20200101,20210101,0215000,2020
99999,00000,NON-METRO,GSE,S,0070000,0548250,0702000,0848500,1054500,GA,075,GEORGIA,COOK,20200101,20210101,0087000,2008
12060,00000,"ATLANTA-SANDY SPRINGS-ALPHARETTA, GA",GSE,S,0359000,0548250,0702000,0848500,1054500,GA,077,GEORGIA,COWETA,20200101,20210101,0359000,2020
31420,00000,"MACON-BIBB COUNTY, GA",GSE,S,0162000,0548250,0702000,0848500,1054500,GA,079,GEORGIA,CRAWFORD,20200101,20210101,0178000,2010
18380,00000,"CORDELE, GA",GSE,S,0085000,0548250,0702000,0848500,1054500,GA,081,GEORGIA,CRISP,20200101,20210101,0119000,2010
16860,00000,"CHATTANOOGA, TN-GA",GSE,S,0221000,0548250,0702000,0848500,1054500,GA,083,GEORGIA,DADE,20200101,20210101,0221000,2020
12060,00000,"ATLANTA-SANDY SPRINGS-ALPHARETTA, GA",GSE,S,0359000,0548250,0702000,0848500,1054500,GA,085,GEORGIA,DAWSON,20200101,20210101,0359000,2020
12460,00000,"BAINBRIDGE, GA",GSE,S,0087000,0548250,0702000,0848500,1054500,GA,087,GEORGIA,DECATUR,20200101,20210101,0131000,2008
12060,00000,"ATLANTA-SANDY SPRINGS-ALPHARETTA, GA",GSE,S,0359000,0548250,0702000,0848500,1054500,GA,089,GEORGIA,DEKALB,20200101,20210101,0359000,2020
99999,00000,NON-METRO,GSE,S,0064000,0548250,0702000,0848500,1054500,GA,091,GEORGIA,DODGE,20200101,20210101,0090000,2008
99999,00000,NON-METRO,GSE,S,0050000,0548250,0702000,0848500,1054500,GA,093,GEORGIA,DOOLY,20200101,20210101,0089000,2008
10500,00000,"ALBANY, GA",GSE,S,0164000,0548250,0702000,0848500,1054500,GA,095,GEORGIA,DOUGHERTY,20200101,20210101,0191000,2008
12060,00000,"ATLANTA-SANDY SPRINGS-ALPHARETTA, GA",GSE,S,0359000,0548250,0702000,0848500,1054500,GA,097,GEORGIA,DOUGLAS,20200101,20210101,0359000,2020
99999,00000,NON-METRO,GSE,S,0049000,0548250,0702000,0848500,1054500,GA,099,GEORGIA,EARLY,20200101,20210101,0099000,2008
46660,00000,"VALDOSTA, GA",GSE,S,0150000,0548250,0702000,0848500,1054500,GA,101,GEORGIA,ECHOLS,20200101,20210101,0159000,2008
42340,00000,"SAVANNAH, GA",GSE,S,0250000,0548250,0702000,0848500,1054500,GA,103,GEORGIA,EFFINGHAM,20200101,20210101,0250000,2020
99999,00000,NON-METRO,GSE,S,0065000,0548250,0702000,0848500,1054500,GA,105,GEORGIA,ELBERT,20200101,20210101,0103000,2008
99999,00000,NON-METRO,GSE,S,0055000,0548250,0702000,0848500,1054500,GA,107,GEORGIA,EMANUEL,20200101,20210101,0089000,2008
99999,00000,NON-METRO,GSE,S,0080000,0548250,0702000,0848500,1054500,GA,109,GEORGIA,EVANS,20200101,20210101,0122000,2008
99999,00000,NON-METRO,GSE,S,0223000,0548250,0702000,0848500,1054500,GA,111,GEORGIA,FANNIN,20200101,20210101,0223000,2020
12060,00000,"ATLANTA-SANDY SPRINGS-ALPHARETTA, GA",GSE,S,0359000,0548250,0702000,0848500,1054500,GA,113,GEORGIA,FAYETTE,20200101,20210101,0359000,2020
40660,00000,"ROME, GA",GSE,S,0132000,0548250,0702000,0848500,1054500,GA,115,GEORGIA,FLOYD,20200101,20210101,0138000,2009
12060,00000,"ATLANTA-SANDY SPRINGS-ALPHARETTA, GA",GSE,S,0359000,0548250,0702000,0848500,1054500,GA,117,GEORGIA,FORSYTH,20200101,20210101,0359000,2020
99999,00000,NON-METRO,GSE,S,0130000,0548250,0702000,0848500,1054500,GA,119,GEORGIA,FRANKLIN,20200101,20210101,0130000,2020
12060,00000,"ATLANTA-SANDY SPRINGS-ALPHARETTA, GA",GSE,S,0359000,0548250,0702000,0848500,1054500,GA,121,GEORGIA,FULTON,20200101,20210101,0359000,2020
99999,00000,NON-METRO,GSE,S,0150000,0548250,0702000,0848500,1054500,GA,123,GEORGIA,GILMER,20200101,20210101,0176000,2008
99999,00000,NON-METRO,GSE,S,0076000,0548250,0702000,0848500,1054500,GA,125,GEORGIA,GLASCOCK,20200101,20210101,0076000,2020
15260,00000,"BRUNSWICK, GA",GSE,S,0238000,0548250,0702000,0848500,1054500,GA,127,GEORGIA,GLYNN,20200101,20210101,0238000,2020
15660,00000,"CALHOUN, GA",GSE,S,0154000,0548250,0702000,0848500,1054500,GA,129,GEORGIA,GORDON,20200101,20210101,0154000,2020
99999,00000,NON-METRO,GSE,S,0080000,0548250,0702000,0848500,1054500,GA,131,GEORGIA,GRADY,20200101,20210101,0122000,2008
99999,00000,NON-METRO,GSE,S,0355000,0548250,0702000,0848500,1054500,GA,133,GEORGIA,GREENE,20111001,20210101,0448000,2008
12060,00000,"ATLANTA-SANDY SPRINGS-ALPHARETTA, GA",GSE,S,0359000,0548250,0702000,0848500,1054500,GA,135,GEORGIA,GWINNETT,20200101,20210101,0359000,2020
18460,00000,"CORNELIA, GA",GSE,S,0160000,0548250,0702000,0848500,1054500,GA,137,GEORGIA,HABERSHAM,20200101,20210101,0160000,2020
23580,00000,"GAINESVILLE, GA",GSE,S,0242000,0548250,0702000,0848500,1054500,GA,139,GEORGIA,HALL,20200101,20210101,0242000,2020
33300,00000,"MILLEDGEVILLE, GA",GSE,S,0148000,0548250,0702000,0848500,1054500,GA,141,GEORGIA,HANCOCK,20200101,20210101,0166000,2008
12060,00000,"ATLANTA-SANDY SPRINGS-ALPHARETTA, GA",GSE,S,0359000,0548250,0702000,0848500,1054500,GA,143,GEORGIA,HARALSON,20200101,20210101,0359000,2020
17980,00000,"COLUMBUS, GA-AL",GSE,S,0229000,0548250,0702000,0848500,1054500,GA,145,GEORGIA,HARRIS,20200101,20210101,0252000,2009
99999,00000,NON-METRO,GSE,S,0155000,0548250,0702000,0848500,1054500,GA,147,GEORGIA,HART,20200101,20210101,0162000,2008
12060,00000,"ATLANTA-SANDY SPRINGS-ALPHARETTA, GA",GSE,S,0359000,0548250,0702000,0848500,1054500,GA,149,GEORGIA,HEARD,20200101,20210101,0359000,2020
12060,00000,"ATLANTA-SANDY SPRINGS-ALPHARETTA, GA",GSE,S,0359000,0548250,0702000,0848500,1054500,GA,151,GEORGIA,HENRY,20200101,20210101,0359000,2020
47580,00000,"WARNER ROBINS, GA",GSE,S,0160000,0548250,0702000,0848500,1054500,GA,153,GEORGIA,HOUSTON,20200101,20210101,0180000,2008
99999,00000,NON-METRO,GSE,S,0068000,0548250,0702000,0848500,1054500,GA,155,GEORGIA,IRWIN,20200101,20210101,0101000,2008
27600,00000,"JEFFERSON, GA",GSE,S,0240000,0548250,0702000,0848500,1054500,GA,157,GEORGIA,JACKSON,20200101,20210101,0240000,2020
12060,00000,"ATLANTA-SANDY SPRINGS-ALPHARETTA, GA",GSE,S,0359000,0548250,0702000,0848500,1054500,GA,159,GEORGIA,JASPER,20200101,20210101,0359000,2020
99999,00000,NON-METRO,GSE,S,0058000,0548250,0702000,0848500,1054500,GA,161,GEORGIA,JEFF DAVIS,20200101,20210101,0110000,2008
99999,00000,NON-METRO,GSE,S,0040000,0548250,0702000,0848500,1054500,GA,163,GEORGIA,JEFFERSON,20200101,20210101,0085000,2009
99999,00000,NON-METRO,GSE,S,0057000,0548250,0702000,0848500,1054500,GA,165,GEORGIA,JENKINS,20200101,20210101,0071000,2008
20140,00000,"DUBLIN, GA",GSE,S,0080000,0548250,0702000,0848500,1054500,GA,167,GEORGIA,JOHNSON,20200101,20210101,0134000,2008
31420,00000,"MACON-BIBB COUNTY, GA",GSE,S,0162000,0548250,0702000,0848500,1054500,GA,169,GEORGIA,JONES,20200101,20210101,0178000,2010
12060,00000,"ATLANTA-SANDY SPRINGS-ALPHARETTA, GA",GSE,S,0359000,0548250,0702000,0848500,1054500,GA,171,GEORGIA,LAMAR,20200101,20210101,0359000,2020
46660,00000,"VALDOSTA, GA",GSE,S,0150000,0548250,0702000,0848500,1054500,GA,173,GEORGIA,LANIER,20200101,20210101,0159000,2008
20140,00000,"DUBLIN, GA",GSE,S,0080000,0548250,0702000,0848500,1054500,GA,175,GEORGIA,LAURENS,20200101,20210101,0134000,2008
10500,00000,"ALBANY, GA",GSE,S,0164000,0548250,0702000,0848500,1054500,GA,177,GEORGIA,LEE,20200101,20210101,0191000,2008
25980,00000,"HINESVILLE, GA",GSE,S,0172000,0548250,0702000,0848500,1054500,GA,179,GEORGIA,LIBERTY,20200101,20210101,0172000,2020
12260,00000,"AUGUSTA-RICHMOND COUNTY, GA-SC",GSE,S,0215000,0548250,0702000,0848500,1054500,GA,181,GEORGIA,LINCOLN,20200101,20210101,0215000,2020
25980,00000,"HINESVILLE, GA",GSE,S,0172000,0548250,0702000,0848500,1054500,GA,183,GEORGIA,LONG,20200101,20210101,0172000,2020
46660,00000,"VALDOSTA, GA",GSE,S,0150000,0548250,0702000,0848500,1054500,GA,185,GEORGIA,LOWNDES,20200101,20210101,0159000,2008
99999,00000,NON-METRO,GSE,S,0175000,0548250,0702000,0848500,1054500,GA,187,GEORGIA,LUMPKIN,20200101,20210101,0175000,2020
12260,00000,"AUGUSTA-RICHMOND COUNTY, GA-SC",GSE,S,0215000,0548250,0702000,0848500,1054500,GA,189,GEORGIA,MCDUFFIE,20200101,20210101,0215000,2020
15260,00000,"BRUNSWICK, GA",GSE,S,0238000,0548250,0702000,0848500,1054500,GA,191,GEORGIA,MCINTOSH,20200101,20210101,0238000,2020
99999,00000,NON-METRO,GSE,S,0036000,0548250,0702000,0848500,1054500,GA,193,GEORGIA,MACON,20200101,20210101,0100000,2008
12020,00000,"ATHENS-CLARKE COUNTY, GA",GSE,S,0340000,0548250,0702000,0848500,1054500,GA,195,GEORGIA,MADISON,20200101,20210101,0340000,2020
17980,00000,"COLUMBUS, GA-AL",GSE,S,0229000,0548250,0702000,0848500,1054500,GA,197,GEORGIA,MARION,20200101,20210101,0252000,2009
12060,00000,"ATLANTA-SANDY SPRINGS-ALPHARETTA, GA",GSE,S,0359000,0548250,0702000,0848500,1054500,GA,199,GEORGIA,MERIWETHER,20200101,20210101,0359000,2020
99999,00000,NON-METRO,GSE,S,0050000,0548250,0702000,0848500,1054500,GA,201,GEORGIA,MILLER,20200101,20210101,0118000,2008
99999,00000,NON-METRO,GSE,S,0038000,0548250,0702000,0848500,1054500,GA,205,GEORGIA,MITCHELL,20200101,20210101,0098000,2008
31420,00000,"MACON-BIBB COUNTY, GA",GSE,S,0162000,0548250,0702000,0848500,1054500,GA,207,GEORGIA,MONROE,20200101,20210101,0178000,2010
47080,00000,"VIDALIA, GA",GSE,S,0091000,0548250,0702000,0848500,1054500,GA,209,GEORGIA,MONTGOMERY,20200101,20210101,0117000,2008
12060,00000,"ATLANTA-SANDY SPRINGS-ALPHARETTA, GA",GSE,S,0359000,0548250,0702000,0848500,1054500,GA,211,GEORGIA,MORGAN,20200101,20210101,0359000,2020
19140,00000,"DALTON, GA",GSE,S,0145000,0548250,0702000,0848500,1054500,GA,213,GEORGIA,MURRAY,20200101,20210101,0145000,2020
17980,00000,"COLUMBUS, GA-AL",GSE,S,0229000,0548250,0702000,0848500,1054500,GA,215,GEORGIA,MUSCOGEE,20200101,20210101,0252000,2009
12060,00000,"ATLANTA-SANDY SPRINGS-ALPHARETTA, GA",GSE,S,0359000,0548250,0702000,0848500,1054500,GA,217,GEORGIA,NEWTON,20200101,20210101,0359000,2020
12020,00000,"ATHENS-CLARKE COUNTY, GA",GSE,S,0340000,0548250,0702000,0848500,1054500,GA,219,GEORGIA,OCONEE,20200101,20210101,0340000,2020
12020,00000,"ATHENS-CLARKE COUNTY, GA",GSE,S,0340000,0548250,0702000,0848500,1054500,GA,221,GEORGIA,OGLETHORPE,20200101,20210101,0340000,2020
12060,00000,"ATLANTA-SANDY SPRINGS-ALPHARETTA, GA",GSE,S,0359000,0548250,0702000,0848500,1054500,GA,223,GEORGIA,PAULDING,20200101,20210101,0359000,2020
47580,00000,"WARNER ROBINS, GA",GSE,S,0160000,0548250,0702000,0848500,1054500,GA,225,GEORGIA,PEACH,20200101,20210101,0180000,2008
12060,00000,"ATLANTA-SANDY SPRINGS-ALPHARETTA, GA",GSE,S,0359000,0548250,0702000,0848500,1054500,GA,227,GEORGIA,PICKENS,20200101,20210101,0359000,2020
48180,00000,"WAYCROSS, GA",GSE,S,0085000,0548250,0702000,0848500,1054500,GA,229,GEORGIA,PIERCE,20200101,20210101,0118000,2008
12060,00000,"ATLANTA-SANDY SPRINGS-ALPHARETTA, GA",GSE,S,0359000,0548250,0702000,0848500,1054500,GA,231,GEORGIA,PIKE,20200101,20210101,0359000,2020
16340,00000,"CEDARTOWN, GA",GSE,S,0110000,0548250,0702000,0848500,1054500,GA,233,GEORGIA,POLK,20200101,20210101,0110000,2020
99999,00000,NON-METRO,GSE,S,0077000,0548250,0702000,0848500,1054500,GA,235,GEORGIA,PULASKI,20200101,20210101,0120000,2010
99999,00000,NON-METRO,GSE,S,0215000,0548250,0702000,0848500,1054500,GA,237,GEORGIA,PUTNAM,20200101,20210101,0222000,2008
21640,00000,"EUFAULA, AL-GA",GSE,S,0106000,0548250,0702000,0848500,1054500,GA,239,GEORGIA,QUITMAN,20200101,20210101,0126000,2010
99999,00000,NON-METRO,GSE,S,0176000,0548250,0702000,0848500,1054500,GA,241,GEORGIA,RABUN,20200101,20210101,0176000,2020
99999,00000,NON-METRO,GSE,S,0045000,0548250,0702000,0848500,1054500,GA,243,GEORGIA,RANDOLPH,20200101,20210101,0097000,2008
12260,00000,"AUGUSTA-RICHMOND COUNTY, GA-SC",GSE,S,0215000,0548250,0702000,0848500,1054500,GA,245,GEORGIA,RICHMOND,20200101,20210101,0215000,2020
12060,00000,"ATLANTA-SANDY SPRINGS-ALPHARETTA, GA",GSE,S,0359000,0548250,0702000,0848500,1054500,GA,247,GEORGIA,ROCKDALE,20200101,20210101,0359000,2020
11140,00000,"AMERICUS, GA",GSE,S,0088000,0548250,0702000,0848500,1054500,GA,249,GEORGIA,SCHLEY,20200101,20210101,0105000,2008
99999,00000,NON-METRO,GSE,S,0050000,0548250,0702000,0848500,1054500,GA,251,GEORGIA,SCREVEN,20200101,20210101,0098000,2008
99999,00000,NON-METRO,GSE,S,0045000,0548250,0702000,0848500,1054500,GA,253,GEORGIA,SEMINOLE,20200101,20210101,0109000,2008
12060,00000,"ATLANTA-SANDY SPRINGS-ALPHARETTA, GA",GSE,S,0359000,0548250,0702000,0848500,1054500,GA,255,GEORGIA,SPALDING,20200101,20210101,0359000,2020
45740,00000,"TOCCOA, GA",GSE,S,0095000,0548250,0702000,0848500,1054500,GA,257,GEORGIA,STEPHENS,20200101,20210101,0100000,2018
17980,00000,"COLUMBUS, GA-AL",GSE,S,0229000,0548250,0702000,0848500,1054500,GA,259,GEORGIA,STEWART,20200101,20210101,0252000,2009
11140,00000,"AMERICUS, GA",GSE,S,0088000,0548250,0702000,0848500,1054500,GA,261,GEORGIA,SUMTER,20200101,20210101,0105000,2008
17980,00000,"COLUMBUS, GA-AL",GSE,S,0229000,0548250,0702000,0848500,1054500,GA,263,GEORGIA,TALBOT,20200101,20210101,0252000,2009
99999,00000,NON-METRO,GSE,S,0045000,0548250,0702000,0848500,1054500,GA,265,GEORGIA,TALIAFERRO,20200101,20210101,0110000,2008
99999,00000,NON-METRO,GSE,S,0071000,0548250,0702000,0848500,1054500,GA,267,GEORGIA,TATTNALL,20200101,20210101,0119000,2008
99999,00000,NON-METRO,GSE,S,0040000,0548250,0702000,0848500,1054500,GA,269,GEORGIA,TAYLOR,20200101,20210101,0110000,2008
99999,00000,NON-METRO,GSE,S,0040000,0548250,0702000,0848500,1054500,GA,271,GEORGIA,TELFAIR,20200101,20210101,0083000,2008
10500,00000,"ALBANY, GA",GSE,S,0164000,0548250,0702000,0848500,1054500,GA,273,GEORGIA,TERRELL,20200101,20210101,0191000,2008
45620,00000,"THOMASVILLE, GA",GSE,S,0136000,0548250,0702000,0848500,1054500,GA,275,GEORGIA,THOMAS,20200101,20210101,0138000,2018
45700,00000,"TIFTON, GA",GSE,S,0125000,0548250,0702000,0848500,1054500,GA,277,GEORGIA,TIFT,20200101,20210101,0158000,2008
47080,00000,"VIDALIA, GA",GSE,S,0091000,0548250,0702000,0848500,1054500,GA,279,GEORGIA,TOOMBS,20200101,20210101,0117000,2008
99999,00000,NON-METRO,GSE,S,0175000,0548250,0702000,0848500,1054500,GA,281,GEORGIA,TOWNS,20200101,20210101,0211000,2008
20140,00000,"DUBLIN, GA",GSE,S,0080000,0548250,0702000,0848500,1054500,GA,283,GEORGIA,TREUTLEN,20200101,20210101,0134000,2008
29300,00000,"LAGRANGE, GA-AL",GSE,S,0139000,0548250,0702000,0848500,1054500,GA,285,GEORGIA,TROUP,20200101,20210101,0139000,2020
99999,00000,NON-METRO,GSE,S,0070000,0548250,0702000,0848500,1054500,GA,287,GEORGIA,TURNER,20200101,20210101,0085000,2008
31420,00000,"MACON-BIBB COUNTY, GA",GSE,S,0162000,0548250,0702000,0848500,1054500,GA,289,GEORGIA,TWIGGS,20200101,20210101,0178000,2010
99999,00000,NON-METRO,GSE,S,0140000,0548250,0702000,0848500,1054500,GA,291,GEORGIA,UNION,20200101,20210101,0165000,2009
45580,00000,"THOMASTON, GA",GSE,S,0086000,0548250,0702000,0848500,1054500,GA,293,GEORGIA,UPSON,20200101,20210101,0116000,2008
16860,00000,"CHATTANOOGA, TN-GA",GSE,S,0221000,0548250,0702000,0848500,1054500,GA,295,GEORGIA,WALKER,20200101,20210101,0221000,2020
12060,00000,"ATLANTA-SANDY SPRINGS-ALPHARETTA, GA",GSE,S,0359000,0548250,0702000,0848500,1054500,GA,297,GEORGIA,WALTON,20200101,20210101,0359000,2020
48180,00000,"WAYCROSS, GA",GSE,S,0085000,0548250,0702000,0848500,1054500,GA,299,GEORGIA,WARE,20200101,20210101,0118000,2008
99999,00000,NON-METRO,GSE,S,0026000,0548250,0702000,0848500,1054500,GA,301,GEORGIA,WARREN,20200101,20210101,0143000,2008
99999,00000,NON-METRO,GSE,S,0051000,0548250,0702000,0848500,1054500,GA,303,GEORGIA,WASHINGTON,20200101,20210101,0106000,2008
27700,00000,"JESUP, GA",GSE,S,0096000,0548250,0702000,0848500,1054500,GA,305,GEORGIA,WAYNE,20200101,20210101,0141000,2008
99999,00000,NON-METRO,GSE,S,0021000,0548250,0702000,0848500,1054500,GA,307,GEORGIA,WEBSTER,20200101,20210101,0071000,2008
99999,00000,NON-METRO,GSE,S,0027000,0548250,0702000,0848500,1054500,GA,309,GEORGIA,WHEELER,20200101,20210101,0086000,2008
99999,00000,NON-METRO,GSE,S,0160000,0548250,0702000,0848500,1054500,GA,311,GEORGIA,WHITE,20200101,20210101,0160000,2020
19140,00000,"DALTON, GA",GSE,S,0145000,0548250,0702000,0848500,1054500,GA,313,GEORGIA,WHITFIELD,20200101,20210101,0145000,2020
99999,00000,NON-METRO,GSE,S,0027000,0548250,0702000,0848500,1054500,GA,315,GEORGIA,WILCOX,20200101,20210101,0098000,2008
99999,00000,NON-METRO,GSE,S,0054000,0548250,0702000,0848500,1054500,GA,317,GEORGIA,WILKES,20200101,20210101,0101000,2008
99999,00000,NON-METRO,GSE,S,0030000,0548250,0702000,0848500,1054500,GA,319,GEORGIA,WILKINSON,20200101,20210101,0119000,2008
10500,00000,"ALBANY, GA",GSE,S,0164000,0548250,0702000,0848500,1054500,GA,321,GEORGIA,WORTH,20200101,20210101,0191000,2008
99999,00000,NON-METRO,GSE,S,0322000,0822375,1053000,1272750,1581750,GU,010,GUAM,GUAM,20200101,20210101,0490000,2008
25900,00000,"HILO, HI",GSE,S,0355000,0822375,1053000,1272750,1581750,HI,001,HAWAII,HAWAII,20200101,20210101,0355000,2020
46520,00000,"URBAN HONOLULU, HI",GSE,S,0600000,0822375,1053000,1272750,1581750,HI,003,HAWAII,HONOLULU,20200101,20210101,0627000,2008
99999,00000,NON-METRO,GSE,S,0629000,0822375,1053000,1272750,1581750,HI,005,HAWAII,KALAWAO,20200101,20210101,0629000,2020
28180,00000,"KAPAA, HI",GSE,S,0626000,0822375,1053000,1272750,1581750,HI,007,HAWAII,KAUAI,20200101,20210101,0626000,2020
27980,00000,"KAHULUI-WAILUKU-LAHAINA, HI",GSE,S,0629000,0822375,1053000,1272750,1581750,HI,009,HAWAII,MAUI,20200101,20210101,0629000,2020
99999,00000,NON-METRO,GSE,S,0079000,0548250,0702000,0848500,1054500,IA,001,IOWA,ADAIR,20200101,20210101,0080000,2019
99999,00000,NON-METRO,GSE,S,0055000,0548250,0702000,0848500,1054500,IA,003,IOWA,ADAMS,20200101,20210101,0066000,2013
99999,00000,NON-METRO,GSE,S,0086000,0548250,0702000,0848500,1054500,IA,005,IOWA,ALLAMAKEE,20200101,20210101,0100000,2017
99999,00000,NON-METRO,GSE,S,0067000,0548250,0702000,0848500,1054500,IA,007,IOWA,APPANOOSE,20200101,20210101,0067000,2008
99999,00000,NON-METRO,GSE,S,0065000,0548250,0702000,0848500,1054500,IA,009,IOWA,AUDUBON,20200101,20210101,0071000,2013
16300,00000,"CEDAR RAPIDS, IA",GSE,S,0165000,0548250,0702000,0848500,1054500,IA,011,IOWA,BENTON,20200101,20210101,0165000,2020
47940,00000,"WATERLOO-CEDAR FALLS, IA",GSE,S,0148000,0548250,0702000,0848500,1054500,IA,013,IOWA,BLACK HAWK,20200101,20210101,0148000,2020
11180,00000,"AMES, IA",GSE,S,0206000,0548250,0702000,0848500,1054500,IA,015,IOWA,BOONE,20200101,20210101,0206000,2020
47940,00000,"WATERLOO-CEDAR FALLS, IA",GSE,S,0148000,0548250,0702000,0848500,1054500,IA,017,IOWA,BREMER,20200101,20210101,0148000,2020
99999,00000,NON-METRO,GSE,S,0118000,0548250,0702000,0848500,1054500,IA,019,IOWA,BUCHANAN,20200101,20210101,0147000,2017
44740,00000,"STORM LAKE, IA",GSE,S,0120000,0548250,0702000,0848500,1054500,IA,021,IOWA,BUENA VISTA,20200101,20210101,0120000,2020
99999,00000,NON-METRO,GSE,S,0088000,0548250,0702000,0848500,1054500,IA,023,IOWA,BUTLER,20200101,20210101,0110000,2019
99999,00000,NON-METRO,GSE,S,0050000,0548250,0702000,0848500,1054500,IA,025,IOWA,CALHOUN,20200101,20210101,0072000,2008
16140,00000,"CARROLL, IA",GSE,S,0120000,0548250,0702000,0848500,1054500,IA,027,IOWA,CARROLL,20200101,20210101,0139000,2017
99999,00000,NON-METRO,GSE,S,0065000,0548250,0702000,0848500,1054500,IA,029,IOWA,CASS,20200101,20210101,0087000,2017
99999,00000,NON-METRO,GSE,S,0144000,0548250,0702000,0848500,1054500,IA,031,IOWA,CEDAR,20200101,20210101,0144000,2017
32380,00000,"MASON CITY, IA",GSE,S,0118000,0548250,0702000,0848500,1054500,IA,033,IOWA,CERRO GORDO,20200101,20210101,0118000,2020
99999,00000,NON-METRO,GSE,S,0080000,0548250,0702000,0848500,1054500,IA,035,IOWA,CHEROKEE,20200101,20210101,0090000,2017
99999,00000,NON-METRO,GSE,S,0092000,0548250,0702000,0848500,1054500,IA,037,IOWA,CHICKASAW,20200101,20210101,0114000,2013
99999,00000,NON-METRO,GSE,S,0080000,0548250,0702000,0848500,1054500,IA,039,IOWA,CLARKE,20200101,20210101,0107000,2013
43980,00000,"SPENCER, IA",GSE,S,0120000,0548250,0702000,0848500,1054500,IA,041,IOWA,CLAY,20200101,20210101,0132000,2017
99999,00000,NON-METRO,GSE,S,0098000,0548250,0702000,0848500,1054500,IA,043,IOWA,CLAYTON,20200101,20210101,0117000,2017
17540,00000,"CLINTON, IA",GSE,S,0095000,0548250,0702000,0848500,1054500,IA,045,IOWA,CLINTON,20200101,20210101,0106000,2013
99999,00000,NON-METRO,GSE,S,0088000,0548250,0702000,0848500,1054500,IA,047,IOWA,CRAWFORD,20200101,20210101,0096000,2017
19780,00000,"DES MOINES-WEST DES MOINES, IA",GSE,S,0249000,0548250,0702000,0848500,1054500,IA,049,IOWA,DALLAS,20200101,20210101,0251000,2019
99999,00000,NON-METRO,GSE,S,0145000,0548250,0702000,0848500,1054500,IA,051,IOWA,DAVIS,20200101,20210101,0145000,2020
99999,00000,NON-METRO,GSE,S,0055000,0548250,0702000,0848500,1054500,IA,053,IOWA,DECATUR,20200101,20210101,0103000,2013
99999,00000,NON-METRO,GSE,S,0118000,0548250,0702000,0848500,1054500,IA,055,IOWA,DELAWARE,20200101,20210101,0125000,2019
15460,00000,"BURLINGTON, IA-IL",GSE,S,0089000,0548250,0702000,0848500,1054500,IA,057,IOWA,DES MOINES,20200101,20210101,0116000,2017
44020,00000,"SPIRIT LAKE, IA",GSE,S,0190000,0548250,0702000,0848500,1054500,IA,059,IOWA,DICKINSON,20200101,20210101,0195000,2019
20220,00000,"DUBUQUE, IA",GSE,S,0165000,0548250,0702000,0848500,1054500,IA,061,IOWA,DUBUQUE,20200101,20210101,0165000,2020
99999,00000,NON-METRO,GSE,S,0069000,0548250,0702000,0848500,1054500,IA,063,IOWA,EMMET,20200101,20210101,0090000,2017
99999,00000,NON-METRO,GSE,S,0068000,0548250,0702000,0848500,1054500,IA,065,IOWA,FAYETTE,20200101,20210101,0084000,2017
99999,00000,NON-METRO,GSE,S,0072000,0548250,0702000,0848500,1054500,IA,067,IOWA,FLOYD,20200101,20210101,0108000,2017
99999,00000,NON-METRO,GSE,S,0066000,0548250,0702000,0848500,1054500,IA,069,IOWA,FRANKLIN,20200101,20210101,0095000,2017
99999,00000,NON-METRO,GSE,S,0080000,0548250,0702000,0848500,1054500,IA,071,IOWA,FREMONT,20200101,20210101,0107000,2017
99999,00000,NON-METRO,GSE,S,0060000,0548250,0702000,0848500,1054500,IA,073,IOWA,GREENE,20200101,20210101,0091000,2017
47940,00000,"WATERLOO-CEDAR FALLS, IA",GSE,S,0148000,0548250,0702000,0848500,1054500,IA,075,IOWA,GRUNDY,20200101,20210101,0148000,2020
19780,00000,"DES MOINES-WEST DES MOINES, IA",GSE,S,0249000,0548250,0702000,0848500,1054500,IA,077,IOWA,GUTHRIE,20200101,20210101,0251000,2019
99999,00000,NON-METRO,GSE,S,0095000,0548250,0702000,0848500,1054500,IA,079,IOWA,HAMILTON,20200101,20210101,0095000,2020
99999,00000,NON-METRO,GSE,S,0081000,0548250,0702000,0848500,1054500,IA,081,IOWA,HANCOCK,20200101,20210101,0115000,2008
99999,00000,NON-METRO,GSE,S,0065000,0548250,0702000,0848500,1054500,IA,083,IOWA,HARDIN,20200101,20210101,0101000,2017
36540,00000,"OMAHA-COUNCIL BLUFFS, NE-IA",GSE,S,0226000,0548250,0702000,0848500,1054500,IA,085,IOWA,HARRISON,20200101,20210101,0226000,2020
99999,00000,NON-METRO,GSE,S,0112000,0548250,0702000,0848500,1054500,IA,087,IOWA,HENRY,20200101,20210101,0112000,2020
99999,00000,NON-METRO,GSE,S,0081000,0548250,0702000,0848500,1054500,IA,089,IOWA,HOWARD,20200101,20210101,0101000,2017
99999,00000,NON-METRO,GSE,S,0098000,0548250,0702000,0848500,1054500,IA,091,IOWA,HUMBOLDT,20200101,20210101,0098000,2020
99999,00000,NON-METRO,GSE,S,0050000,0548250,0702000,0848500,1054500,IA,093,IOWA,IDA,20200101,20210101,0092000,2013
99999,00000,NON-METRO,GSE,S,0135000,0548250,0702000,0848500,1054500,IA,095,IOWA,IOWA,20200101,20210101,0153000,2018
99999,00000,NON-METRO,GSE,S,0110000,0548250,0702000,0848500,1054500,IA,097,IOWA,JACKSON,20200101,20210101,0117000,2009
19780,00000,"DES MOINES-WEST DES MOINES, IA",GSE,S,0249000,0548250,0702000,0848500,1054500,IA,099,IOWA,JASPER,20200101,20210101,0251000,2019
21840,00000,"FAIRFIELD, IA",GSE,S,0119000,0548250,0702000,0848500,1054500,IA,101,IOWA,JEFFERSON,20200101,20210101,0119000,2020
26980,00000,"IOWA CITY, IA",GSE,S,0259000,0548250,0702000,0848500,1054500,IA,103,IOWA,JOHNSON,20200101,20210101,0259000,2020
16300,00000,"CEDAR RAPIDS, IA",GSE,S,0165000,0548250,0702000,0848500,1054500,IA,105,IOWA,JONES,20200101,20210101,0165000,2020
99999,00000,NON-METRO,GSE,S,0073000,0548250,0702000,0848500,1054500,IA,107,IOWA,KEOKUK,20200101,20210101,0076000,2017
99999,00000,NON-METRO,GSE,S,0080000,0548250,0702000,0848500,1054500,IA,109,IOWA,KOSSUTH,20200101,20210101,0087000,2018
22800,00000,"FORT MADISON-KEOKUK, IA-IL-MO",GSE,S,0086000,0548250,0702000,0848500,1054500,IA,111,IOWA,LEE,20200101,20210101,0097000,2016
16300,00000,"CEDAR RAPIDS, IA",GSE,S,0165000,0548250,0702000,0848500,1054500,IA,113,IOWA,LINN,20200101,20210101,0165000,2020
99999,00000,NON-METRO,GSE,S,0090000,0548250,0702000,0848500,1054500,IA,115,IOWA,LOUISA,20200101,20210101,0107000,2017
99999,00000,NON-METRO,GSE,S,0070000,0548250,0702000,0848500,1054500,IA,117,IOWA,LUCAS,20200101,20210101,0092000,2008
99999,00000,NON-METRO,GSE,S,0114000,0548250,0702000,0848500,1054500,IA,119,IOWA,LYON,20200101,20210101,0114000,2020
19780,00000,"DES MOINES-WEST DES MOINES, IA",GSE,S,0249000,0548250,0702000,0848500,1054500,IA,121,IOWA,MADISON,20200101,20210101,0251000,2019
36820,00000,"OSKALOOSA, IA",GSE,S,0092000,0548250,0702000,0848500,1054500,IA,123,IOWA,MAHASKA,20200101,20210101,0139000,2017
37800,00000,"PELLA, IA",GSE,S,0137000,0548250,0702000,0848500,1054500,IA,125,IOWA,MARION,20200101,20210101,0143000,2019
32260,00000,"MARSHALLTOWN, IA",GSE,S,0095000,0548250,0702000,0848500,1054500,IA,127,IOWA,MARSHALL,20200101,20210101,0106000,2008
36540,00000,"OMAHA-COUNCIL BLUFFS, NE-IA",GSE,S,0226000,0548250,0702000,0848500,1054500,IA,129,IOWA,MILLS,20200101,20210101,0226000,2020
99999,00000,NON-METRO,GSE,S,0085000,0548250,0702000,0848500,1054500,IA,131,IOWA,MITCHELL,20200101,20210101,0121000,2017
99999,00000,NON-METRO,GSE,S,0070000,0548250,0702000,0848500,1054500,IA,133,IOWA,MONONA,20200101,20210101,0092000,2015
99999,00000,NON-METRO,GSE,S,0072000,0548250,0702000,0848500,1054500,IA,135,IOWA,MONROE,20200101,20210101,0103000,2017
99999,00000,NON-METRO,GSE,S,0070000,0548250,0702000,0848500,1054500,IA,137,IOWA,MONTGOMERY,20200101,20210101,0084000,2017
34700,00000,"MUSCATINE, IA",GSE,S,0134000,0548250,0702000,0848500,1054500,IA,139,IOWA,MUSCATINE,20200101,20210101,0134000,2020
99999,00000,NON-METRO,GSE,S,0076000,0548250,0702000,0848500,1054500,IA,141,IOWA,O'BRIEN,20200101,20210101,0110000,2017
99999,00000,NON-METRO,GSE,S,0078000,0548250,0702000,0848500,1054500,IA,143,IOWA,OSCEOLA,20200101,20210101,0089000,2017
99999,00000,NON-METRO,GSE,S,0078000,0548250,0702000,0848500,1054500,IA,145,IOWA,PAGE,20200101,20210101,0088000,2017
99999,00000,NON-METRO,GSE,S,0090000,0548250,0702000,0848500,1054500,IA,147,IOWA,PALO ALTO,20200101,20210101,0091000,2017
99999,00000,NON-METRO,GSE,S,0145000,0548250,0702000,0848500,1054500,IA,149,IOWA,PLYMOUTH,20200101,20210101,0145000,2020
99999,00000,NON-METRO,GSE,S,0068000,0548250,0702000,0848500,1054500,IA,151,IOWA,POCAHONTAS,20200101,20210101,0069000,2017
19780,00000,"DES MOINES-WEST DES MOINES, IA",GSE,S,0249000,0548250,0702000,0848500,1054500,IA,153,IOWA,POLK,20200101,20210101,0251000,2019
36540,00000,"OMAHA-COUNCIL BLUFFS, NE-IA",GSE,S,0226000,0548250,0702000,0848500,1054500,IA,155,IOWA,POTTAWATTAMIE,20200101,20210101,0226000,2020
99999,00000,NON-METRO,GSE,S,0130000,0548250,0702000,0848500,1054500,IA,157,IOWA,POWESHIEK,20200101,20210101,0131000,2017
99999,00000,NON-METRO,GSE,S,0083000,0548250,0702000,0848500,1054500,IA,159,IOWA,RINGGOLD,20200101,20210101,0106000,2008
99999,00000,NON-METRO,GSE,S,0075000,0548250,0702000,0848500,1054500,IA,161,IOWA,SAC,20200101,20210101,0092000,2017
19340,00000,"DAVENPORT-MOLINE-ROCK ISLAND, IA-IL",GSE,S,0166000,0548250,0702000,0848500,1054500,IA,163,IOWA,SCOTT,20200101,20210101,0166000,2020
99999,00000,NON-METRO,GSE,S,0095000,0548250,0702000,0848500,1054500,IA,165,IOWA,SHELBY,20200101,20210101,0100000,2008
99999,00000,NON-METRO,GSE,S,0145000,0548250,0702000,0848500,1054500,IA,167,IOWA,SIOUX,20200101,20210101,0149000,2019
11180,00000,"AMES, IA",GSE,S,0206000,0548250,0702000,0848500,1054500,IA,169,IOWA,STORY,20200101,20210101,0206000,2020
99999,00000,NON-METRO,GSE,S,0085000,0548250,0702000,0848500,1054500,IA,171,IOWA,TAMA,20200101,20210101,0101000,2017
99999,00000,NON-METRO,GSE,S,0055000,0548250,0702000,0848500,1054500,IA,173,IOWA,TAYLOR,20200101,20210101,0072000,2013
99999,00000,NON-METRO,GSE,S,0061000,0548250,0702000,0848500,1054500,IA,175,IOWA,UNION,20200101,20210101,0085000,2017
99999,00000,NON-METRO,GSE,S,0053000,0548250,0702000,0848500,1054500,IA,177,IOWA,VAN BUREN,20200101,20210101,0082000,2017
36900,00000,"OTTUMWA, IA",GSE,S,0061000,0548250,0702000,0848500,1054500,IA,179,IOWA,WAPELLO,20200101,20210101,0082000,2017
19780,00000,"DES MOINES-WEST DES MOINES, IA",GSE,S,0249000,0548250,0702000,0848500,1054500,IA,181,IOWA,WARREN,20200101,20210101,0251000,2019
26980,00000,"IOWA CITY, IA",GSE,S,0259000,0548250,0702000,0848500,1054500,IA,183,IOWA,WASHINGTON,20200101,20210101,0259000,2020
99999,00000,NON-METRO,GSE,S,0055000,0548250,0702000,0848500,1054500,IA,185,IOWA,WAYNE,20200101,20210101,0091000,2008
22700,00000,"FORT DODGE, IA",GSE,S,0080000,0548250,0702000,0848500,1054500,IA,187,IOWA,WEBSTER,20200101,20210101,0080000,2020
99999,00000,NON-METRO,GSE,S,0085000,0548250,0702000,0848500,1054500,IA,189,IOWA,WINNEBAGO,20200101,20210101,0100000,2017
99999,00000,NON-METRO,GSE,S,0159000,0548250,0702000,0848500,1054500,IA,191,IOWA,WINNESHIEK,20200101,20210101,0159000,2020
43580,00000,"SIOUX CITY, IA-NE-SD",GSE,S,0216000,0548250,0702000,0848500,1054500,IA,193,IOWA,WOODBURY,20200101,20210101,0217000,2017
32380,00000,"MASON CITY, IA",GSE,S,0118000,0548250,0702000,0848500,1054500,IA,195,IOWA,WORTH,20200101,20210101,0118000,2020
99999,00000,NON-METRO,GSE,S,0060000,0548250,0702000,0848500,1054500,IA,197,IOWA,WRIGHT,20200101,20210101,0078000,2017
14260,00000,"BOISE CITY, ID",GSE,S,0361000,0548250,0702000,0848500,1054500,ID,001,IDAHO,ADA,20200101,20210101,0361000,2020
99999,00000,NON-METRO,GSE,S,0233000,0548250,0702000,0848500,1054500,ID,003,IDAHO,ADAMS,20200101,20210101,0233000,2020
38540,00000,"POCATELLO, ID",GSE,S,0210000,0548250,0702000,0848500,1054500,ID,005,IDAHO,BANNOCK,20200101,20210101,0210000,2020
99999,00000,NON-METRO,GSE,S,0180000,0548250,0702000,0848500,1054500,ID,007,IDAHO,BEAR LAKE,20200101,20210101,0181000,2019
99999,00000,NON-METRO,GSE,S,0162000,0548250,0702000,0848500,1054500,ID,009,IDAHO,BENEWAH,20200101,20210101,0162000,2020
13940,00000,"BLACKFOOT, ID",GSE,S,0215000,0548250,0702000,0848500,1054500,ID,011,IDAHO,BINGHAM,20200101,20210101,0215000,2020
25200,00000,"HAILEY, ID",GSE,H,0499000,0625500,0800775,0967950,1202925,ID,013,IDAHO,BLAINE,20200101,20140101,0562000,2008
14260,00000,"BOISE CITY, ID",GSE,S,0361000,0548250,0702000,0848500,1054500,ID,015,IDAHO,BOISE,20200101,20210101,0361000,2020
41760,00000,"SANDPOINT, ID",GSE,S,0298000,0548250,0702000,0848500,1054500,ID,017,IDAHO,BONNER,20200101,20210101,0298000,2020
26820,00000,"IDAHO FALLS, ID",GSE,S,0278000,0548250,0702000,0848500,1054500,ID,019,IDAHO,BONNEVILLE,20200101,20210101,0278000,2020
99999,00000,NON-METRO,GSE,S,0225000,0548250,0702000,0848500,1054500,ID,021,IDAHO,BOUNDARY,20200101,20210101,0225000,2020
26820,00000,"IDAHO FALLS, ID",GSE,S,0278000,0548250,0702000,0848500,1054500,ID,023,IDAHO,BUTTE,20200101,20210101,0278000,2020
25200,00000,"HAILEY, ID",GSE,H,0499000,0625500,0800775,0967950,1202925,ID,025,IDAHO,CAMAS,20200101,20140101,0562000,2008
14260,00000,"BOISE CITY, ID",GSE,S,0361000,0548250,0702000,0848500,1054500,ID,027,IDAHO,CANYON,20200101,20210101,0361000,2020
99999,00000,NON-METRO,GSE,S,0187000,0548250,0702000,0848500,1054500,ID,029,IDAHO,CARIBOU,20200101,20210101,0187000,2020
15420,00000,"BURLEY, ID",GSE,S,0214000,0548250,0702000,0848500,1054500,ID,031,IDAHO,CASSIA,20200101,20210101,0214000,2020
99999,00000,NON-METRO,GSE,S,0129000,0548250,0702000,0848500,1054500,ID,033,IDAHO,CLARK,20200101,20210101,0160000,2014
99999,00000,NON-METRO,GSE,S,0143000,0548250,0702000,0848500,1054500,ID,035,IDAHO,CLEARWATER,20200101,20210101,0155000,2017
99999,00000,NON-METRO,GSE,S,0184000,0548250,0702000,0848500,1054500,ID,037,IDAHO,CUSTER,20200101,20210101,0205000,2013
34300,00000,"MOUNTAIN HOME, ID",GSE,S,0219000,0548250,0702000,0848500,1054500,ID,039,IDAHO,ELMORE,20200101,20210101,0219000,2020
30860,00000,"LOGAN, UT-ID",GSE,S,0292000,0548250,0702000,0848500,1054500,ID,041,IDAHO,FRANKLIN,20200101,20210101,0292000,2020
39940,00000,"REXBURG, ID",GSE,S,0269000,0548250,0702000,0848500,1054500,ID,043,IDAHO,FREMONT,20200101,20210101,0269000,2020
14260,00000,"BOISE CITY, ID",GSE,S,0361000,0548250,0702000,0848500,1054500,ID,045,IDAHO,GEM,20200101,20210101,0361000,2020
99999,00000,NON-METRO,GSE,S,0171000,0548250,0702000,0848500,1054500,ID,047,IDAHO,GOODING,20200101,20210101,0177000,2009
99999,00000,NON-METRO,GSE,S,0152000,0548250,0702000,0848500,1054500,ID,049,IDAHO,IDAHO,20200101,20210101,0160000,2009
26820,00000,"IDAHO FALLS, ID",GSE,S,0278000,0548250,0702000,0848500,1054500,ID,051,IDAHO,JEFFERSON,20200101,20210101,0278000,2020
46300,00000,"TWIN FALLS, ID",GSE,S,0230000,0548250,0702000,0848500,1054500,ID,053,IDAHO,JEROME,20200101,20210101,0230000,2020
17660,00000,"COEUR D'ALENE, ID",GSE,S,0338000,0548250,0702000,0848500,1054500,ID,055,IDAHO,KOOTENAI,20200101,20210101,0338000,2020
34140,00000,"MOSCOW, ID",GSE,S,0304000,0548250,0702000,0848500,1054500,ID,057,IDAHO,LATAH,20200101,20210101,0304000,2020
99999,00000,NON-METRO,GSE,S,0193000,0548250,0702000,0848500,1054500,ID,059,IDAHO,LEMHI,20200101,20210101,0193000,2020
99999,00000,NON-METRO,GSE,S,0152000,0548250,0702000,0848500,1054500,ID,061,IDAHO,LEWIS,20200101,20210101,0152000,2020
99999,00000,NON-METRO,GSE,H,0173000,0625500,0800775,0967950,1202925,ID,063,IDAHO,LINCOLN,20140101,20140101,0562000,2013
39940,00000,"REXBURG, ID",GSE,S,0269000,0548250,0702000,0848500,1054500,ID,065,IDAHO,MADISON,20200101,20210101,0269000,2020
15420,00000,"BURLEY, ID",GSE,S,0214000,0548250,0702000,0848500,1054500,ID,067,IDAHO,MINIDOKA,20200101,20210101,0214000,2020
30300,00000,"LEWISTON, ID-WA",GSE,S,0248000,0548250,0702000,0848500,1054500,ID,069,IDAHO,NEZ PERCE,20200101,20210101,0248000,2020
99999,00000,NON-METRO,GSE,S,0188000,0548250,0702000,0848500,1054500,ID,071,IDAHO,ONEIDA,20200101,20210101,0188000,2020
14260,00000,"BOISE CITY, ID",GSE,S,0361000,0548250,0702000,0848500,1054500,ID,073,IDAHO,OWYHEE,20200101,20210101,0361000,2020
36620,00000,"ONTARIO, OR-ID",GSE,S,0239000,0548250,0702000,0848500,1054500,ID,075,IDAHO,PAYETTE,20200101,20210101,0239000,2020
38540,00000,"POCATELLO, ID",GSE,S,0210000,0548250,0702000,0848500,1054500,ID,077,IDAHO,POWER,20200101,20210101,0210000,2020
99999,00000,NON-METRO,GSE,S,0166000,0548250,0702000,0848500,1054500,ID,079,IDAHO,SHOSHONE,20200101,20210101,0166000,2020
27220,00000,"JACKSON, WY-ID",GSE,H,0938000,0822375,1053000,1272750,1581750,ID,081,IDAHO,TETON,20200101,20210101,0938000,2020
46300,00000,"TWIN FALLS, ID",GSE,S,0230000,0548250,0702000,0848500,1054500,ID,083,IDAHO,TWIN FALLS,20200101,20210101,0230000,2020
99999,00000,NON-METRO,GSE,S,0330000,0548250,0702000,0848500,1054500,ID,085,IDAHO,VALLEY,20200101,20210101,0330000,2020
99999,00000,NON-METRO,GSE,S,0181000,0548250,0702000,0848500,1054500,ID,087,IDAHO,WASHINGTON,20200101,20210101,0181000,2020
39500,00000,"QUINCY, IL-MO",GSE,S,0120000,0548250,0702000,0848500,1054500,IL,001,ILLINOIS,ADAMS,20200101,20210101,0120000,2020
16020,00000,"CAPE GIRARDEAU, MO-IL",GSE,S,0176000,0548250,0702000,0848500,1054500,IL,003,ILLINOIS,ALEXANDER,20200101,20210101,0185000,2013
41180,00000,"ST. LOUIS, MO-IL",GSE,S,0261000,0548250,0702000,0848500,1054500,IL,005,ILLINOIS,BOND,20200101,20210101,0261000,2020
40420,00000,"ROCKFORD, IL",GSE,S,0175000,0548250,0702000,0848500,1054500,IL,007,ILLINOIS,BOONE,20200101,20210101,0295000,2008
99999,00000,NON-METRO,GSE,S,0084000,0548250,0702000,0848500,1054500,IL,009,ILLINOIS,BROWN,20200101,20210101,0092000,2018
36837,00000,"OTTAWA, IL",GSE,S,0114000,0548250,0702000,0848500,1054500,IL,011,ILLINOIS,BUREAU,20200101,20210101,0149000,2009
41180,00000,"ST. LOUIS, MO-IL",GSE,S,0261000,0548250,0702000,0848500,1054500,IL,013,ILLINOIS,CALHOUN,20200101,20210101,0261000,2020
99999,00000,NON-METRO,GSE,S,0094000,0548250,0702000,0848500,1054500,IL,015,ILLINOIS,CARROLL,20200101,20210101,0100000,2009
99999,00000,NON-METRO,GSE,S,0060000,0548250,0702000,0848500,1054500,IL,017,ILLINOIS,CASS,20200101,20210101,0081000,2018
16580,00000,"CHAMPAIGN-URBANA, IL",GSE,S,0168000,0548250,0702000,0848500,1054500,IL,019,ILLINOIS,CHAMPAIGN,20200101,20210101,0168000,2020
45380,00000,"TAYLORVILLE, IL",GSE,S,0077000,0548250,0702000,0848500,1054500,IL,021,ILLINOIS,CHRISTIAN,20200101,20210101,0087000,2009
99999,00000,NON-METRO,GSE,S,0085000,0548250,0702000,0848500,1054500,IL,023,ILLINOIS,CLARK,20200101,20210101,0089000,2008
99999,00000,NON-METRO,GSE,S,0065000,0548250,0702000,0848500,1054500,IL,025,ILLINOIS,CLAY,20200101,20210101,0085000,2009
41180,00000,"ST. LOUIS, MO-IL",GSE,S,0261000,0548250,0702000,0848500,1054500,IL,027,ILLINOIS,CLINTON,20200101,20210101,0261000,2020
16660,00000,"CHARLESTON-MATTOON, IL",GSE,S,0110000,0548250,0702000,0848500,1054500,IL,029,ILLINOIS,COLES,20200101,20210101,0110000,2020
16980,16984,"CHICAGO-NAPERVILLE-ELGIN, IL-IN-WI",GSE,S,0330000,0548250,0702000,0848500,1054500,IL,031,ILLINOIS,COOK,20200101,20210101,0330000,2020
99999,00000,NON-METRO,GSE,S,0071000,0548250,0702000,0848500,1054500,IL,033,ILLINOIS,CRAWFORD,20200101,20210101,0076000,2014
16660,00000,"CHARLESTON-MATTOON, IL",GSE,S,0110000,0548250,0702000,0848500,1054500,IL,035,ILLINOIS,CUMBERLAND,20200101,20210101,0110000,2020
16980,20994,"CHICAGO-NAPERVILLE-ELGIN, IL-IN-WI",GSE,S,0330000,0548250,0702000,0848500,1054500,IL,037,ILLINOIS,DEKALB,20200101,20210101,0330000,2020
99999,00000,NON-METRO,GSE,S,0075000,0548250,0702000,0848500,1054500,IL,039,ILLINOIS,DE WITT,20200101,20210101,0112000,2009
99999,00000,NON-METRO,GSE,S,0091000,0548250,0702000,0848500,1054500,IL,041,ILLINOIS,DOUGLAS,20200101,20210101,0111000,2019
16980,16984,"CHICAGO-NAPERVILLE-ELGIN, IL-IN-WI",GSE,S,0330000,0548250,0702000,0848500,1054500,IL,043,ILLINOIS,DUPAGE,20200101,20210101,0330000,2020
99999,00000,NON-METRO,GSE,S,0043000,0548250,0702000,0848500,1054500,IL,045,ILLINOIS,EDGAR,20200101,20210101,0090000,2019
99999,00000,NON-METRO,GSE,S,0043000,0548250,0702000,0848500,1054500,IL,047,ILLINOIS,EDWARDS,20200101,20210101,0075000,2017
20820,00000,"EFFINGHAM, IL",GSE,S,0119000,0548250,0702000,0848500,1054500,IL,049,ILLINOIS,EFFINGHAM,20200101,20210101,0134000,2009
99999,00000,NON-METRO,GSE,S,0060000,0548250,0702000,0848500,1054500,IL,051,ILLINOIS,FAYETTE,20200101,20210101,0089000,2017
99999,00000,NON-METRO,GSE,S,0084000,0548250,0702000,0848500,1054500,IL,053,ILLINOIS,FORD,20200101,20210101,0114000,2008
99999,00000,NON-METRO,GSE,S,0082000,0548250,0702000,0848500,1054500,IL,055,ILLINOIS,FRANKLIN,20200101,20210101,0082000,2020
37900,00000,"PEORIA, IL",GSE,S,0146000,0548250,0702000,0848500,1054500,IL,057,ILLINOIS,FULTON,20200101,20210101,0150000,2012
99999,00000,NON-METRO,GSE,S,0045000,0548250,0702000,0848500,1054500,IL,059,ILLINOIS,GALLATIN,20200101,20210101,0063000,2009
99999,00000,NON-METRO,GSE,S,0085000,0548250,0702000,0848500,1054500,IL,061,ILLINOIS,GREENE,20200101,20210101,0098000,2015
16980,16984,"CHICAGO-NAPERVILLE-ELGIN, IL-IN-WI",GSE,S,0330000,0548250,0702000,0848500,1054500,IL,063,ILLINOIS,GRUNDY,20200101,20210101,0330000,2020
99999,00000,NON-METRO,GSE,S,0050000,0548250,0702000,0848500,1054500,IL,065,ILLINOIS,HAMILTON,20200101,20210101,0099000,2018
22800,00000,"FORT MADISON-KEOKUK, IA-IL-MO",GSE,S,0086000,0548250,0702000,0848500,1054500,IL,067,ILLINOIS,HANCOCK,20200101,20210101,0097000,2016
99999,00000,NON-METRO,GSE,S,0079000,0548250,0702000,0848500,1054500,IL,069,ILLINOIS,HARDIN,20200101,20210101,0079000,2020
15460,00000,"BURLINGTON, IA-IL",GSE,S,0089000,0548250,0702000,0848500,1054500,IL,071,ILLINOIS,HENDERSON,20200101,20210101,0116000,2017
19340,00000,"DAVENPORT-MOLINE-ROCK ISLAND, IA-IL",GSE,S,0166000,0548250,0702000,0848500,1054500,IL,073,ILLINOIS,HENRY,20200101,20210101,0166000,2020
99999,00000,NON-METRO,GSE,S,0069000,0548250,0702000,0848500,1054500,IL,075,ILLINOIS,IROQUOIS,20200101,20210101,0111000,2009
16060,00000,"CARBONDALE-MARION, IL",GSE,S,0106000,0548250,0702000,0848500,1054500,IL,077,ILLINOIS,JACKSON,20200101,20210101,0110000,2009
99999,00000,NON-METRO,GSE,S,0061000,0548250,0702000,0848500,1054500,IL,079,ILLINOIS,JASPER,20200101,20210101,0118000,2016
34500,00000,"MOUNT VERNON, IL",GSE,S,0083000,0548250,0702000,0848500,1054500,IL,081,ILLINOIS,JEFFERSON,20200101,20210101,0093000,2009
41180,00000,"ST. LOUIS, MO-IL",GSE,S,0261000,0548250,0702000,0848500,1054500,IL,083,ILLINOIS,JERSEY,20200101,20210101,0261000,2020
99999,00000,NON-METRO,GSE,S,0141000,0548250,0702000,0848500,1054500,IL,085,ILLINOIS,JO DAVIESS,20200101,20210101,0141000,2020
16060,00000,"CARBONDALE-MARION, IL",GSE,S,0106000,0548250,0702000,0848500,1054500,IL,087,ILLINOIS,JOHNSON,20200101,20210101,0110000,2009
16980,20994,"CHICAGO-NAPERVILLE-ELGIN, IL-IN-WI",GSE,S,0330000,0548250,0702000,0848500,1054500,IL,089,ILLINOIS,KANE,20200101,20210101,0330000,2020
28100,00000,"KANKAKEE, IL",GSE,S,0135000,0548250,0702000,0848500,1054500,IL,091,ILLINOIS,KANKAKEE,20200101,20210101,0153000,2008
16980,20994,"CHICAGO-NAPERVILLE-ELGIN, IL-IN-WI",GSE,S,0330000,0548250,0702000,0848500,1054500,IL,093,ILLINOIS,KENDALL,20200101,20210101,0330000,2020
23660,00000,"GALESBURG, IL",GSE,S,0077000,0548250,0702000,0848500,1054500,IL,095,ILLINOIS,KNOX,20200101,20210101,0089000,2008
16980,29404,"CHICAGO-NAPERVILLE-ELGIN, IL-IN-WI",GSE,S,0330000,0548250,0702000,0848500,1054500,IL,097,ILLINOIS,LAKE,20200101,20210101,0330000,2020
36837,00000,"OTTAWA, IL",GSE,S,0114000,0548250,0702000,0848500,1054500,IL,099,ILLINOIS,LASALLE,20200101,20210101,0149000,2009
99999,00000,NON-METRO,GSE,S,0055000,0548250,0702000,0848500,1054500,IL,101,ILLINOIS,LAWRENCE,20200101,20210101,0078000,2019
19940,00000,"DIXON, IL",GSE,S,0100000,0548250,0702000,0848500,1054500,IL,103,ILLINOIS,LEE,20200101,20210101,0118000,2008
38700,00000,"PONTIAC, IL",GSE,S,0089000,0548250,0702000,0848500,1054500,IL,105,ILLINOIS,LIVINGSTON,20200101,20210101,0116000,2018
30660,00000,"LINCOLN, IL",GSE,S,0098000,0548250,0702000,0848500,1054500,IL,107,ILLINOIS,LOGAN,20200101,20210101,0102000,2009
31380,00000,"MACOMB, IL",GSE,S,0065000,0548250,0702000,0848500,1054500,IL,109,ILLINOIS,MCDONOUGH,20200101,20210101,0100000,2017
16980,16984,"CHICAGO-NAPERVILLE-ELGIN, IL-IN-WI",GSE,S,0330000,0548250,0702000,0848500,1054500,IL,111,ILLINOIS,MCHENRY,20200101,20210101,0330000,2020
14010,00000,"BLOOMINGTON, IL",GSE,S,0163000,0548250,0702000,0848500,1054500,IL,113,ILLINOIS,MCLEAN,20200101,20210101,0163000,2020
19500,00000,"DECATUR, IL",GSE,S,0094000,0548250,0702000,0848500,1054500,IL,115,ILLINOIS,MACON,20200101,20210101,0100000,2008
41180,00000,"ST. LOUIS, MO-IL",GSE,S,0261000,0548250,0702000,0848500,1054500,IL,117,ILLINOIS,MACOUPIN,20200101,20210101,0261000,2020
41180,00000,"ST. LOUIS, MO-IL",GSE,S,0261000,0548250,0702000,0848500,1054500,IL,119,ILLINOIS,MADISON,20200101,20210101,0261000,2020
16460,00000,"CENTRALIA, IL",GSE,S,0065000,0548250,0702000,0848500,1054500,IL,121,ILLINOIS,MARION,20200101,20210101,0073000,2009
37900,00000,"PEORIA, IL",GSE,S,0146000,0548250,0702000,0848500,1054500,IL,123,ILLINOIS,MARSHALL,20200101,20210101,0150000,2012
