msa-code,metro-code,metro-name,program,limit-type,median-price,limit-1-unit,limit-2-units,limit-3-units,limit-4-units,state,county-fips,state-name,county-name,county-transaction-date,limit-transaction-date,median-price-determining-limit,year-for-median-determining-limit
,,,ZZGSE,S,,0679650,0870225,1051875,1307175,,,,,,20171201,,
,,,GSE,S,,0453100,0580150,0701250,0871450,,,,,,20171231,,
99999,00000,NON-METRO,GSE,H,0101000,0679650,0870225,1051875,1307175,AK,013,ALASKA,ALEUTIANS EAST,20171201,20171231,0214000,2013
99999,00000,NON-METRO,GSE,H,0226000,0679650,0870225,1051875,1307175,AK,016,ALASKA,ALEUTIANS WEST,20171201,20171231,0335000,2013
11260,00000,"ANCHORAGE, AK",GSE,H,0343000,0679650,0870225,1051875,1307175,AK,020,ALASKA,ANCHORAGE MUNIC,20171201,20171231,0345000,2016
99999,00000,NON-METRO,GSE,H,0172000,0679650,0870225,1051875,1307175,AK,050,ALASKA,BETHEL CENSUS A,20171201,20171231,0208000,2015
99999,00000,NON-METRO,GSE,H,0194000,0679650,0870225,1051875,1307175,AK,060,ALASKA,BRISTOL BAY BOR,20171201,20171231,0273000,2015
99999,00000,NON-METRO,GSE,H,0197000,0679650,0870225,1051875,1307175,AK,068,ALASKA,DENALI BOROUGH,20171201,20171231,0259000,2013
99999,00000,NON-METRO,GSE,H,0259000,0679650,0870225,1051875,1307175,AK,070,ALASKA,DILLINGHAM CENS,20171201,20171231,0259000,2017
21820,00000,"FAIRBANKS, AK",GSE,H,0238000,0679650,0870225,1051875,1307175,AK,090,ALASKA,FAIRBANKS NORTH,20171201,20171231,0239000,2013
99999,00000,NON-METRO,GSE,H,0217000,0679650,0870225,1051875,1307175,AK,100,ALASKA,HAINES BOROUGH,20171201,20171231,0247000,2012
99999,00000,NON-METRO,GSE,H,0236000,0679650,0870225,1051875,1307175,AK,105,ALASKA,HOONAH-ANGOON C,20171201,20171231,0245000,2016
27940,00000,"JUNEAU, AK",GSE,H,0372000,0679650,0870225,1051875,1307175,AK,110,ALASKA,JUNEAU CITY AND,20171201,20171231,0372000,2017
99999,00000,NON-METRO,GSE,H,0210000,0679650,0870225,1051875,1307175,AK,122,ALASKA,KENAI PENINSULA,20171201,20171231,0219000,2016
28540,00000,"KETCHIKAN, AK",GSE,H,0294000,0679650,0870225,1051875,1307175,AK,130,ALASKA,KETCHIKAN GATEW,20171201,20171231,0294000,2017
99999,00000,NON-METRO,GSE,H,0332000,0679650,0870225,1051875,1307175,AK,150,ALASKA,KODIAK ISLAND B,20171201,20171231,0332000,2013
99999,00000,NON-METRO,GSE,H,0112000,0679650,0870225,1051875,1307175,AK,158,ALASKA,KUSILVAK CENSUS,20171201,20171231,0161000,2013
99999,00000,NON-METRO,GSE,H,0151000,0679650,0870225,1051875,1307175,AK,164,ALASKA,LAKE AND PENINS,20171201,20171231,0164000,2016
11260,00000,"ANCHORAGE, AK",GSE,H,0343000,0679650,0870225,1051875,1307175,AK,170,ALASKA,MATANUSKA-SUSIT,20171201,20171231,0345000,2016
99999,00000,NON-METRO,GSE,H,0340000,0679650,0870225,1051875,1307175,AK,180,ALASKA,NOME CENSUS ARE,20171201,20171231,0340000,2017
99999,00000,NON-METRO,GSE,H,0146000,0679650,0870225,1051875,1307175,AK,185,ALASKA,NORTH SLOPE BOR,20171201,20171231,0289000,2013
99999,00000,NON-METRO,GSE,H,0179000,0679650,0870225,1051875,1307175,AK,188,ALASKA,NORTHWEST ARCTI,20171201,20171231,0204000,2016
99999,00000,NON-METRO,GSE,H,0227000,0679650,0870225,1051875,1307175,AK,195,ALASKA,PETERSBURG CENS,20171201,20171231,0289000,2013
99999,00000,NON-METRO,GSE,H,0169000,0679650,0870225,1051875,1307175,AK,198,ALASKA,PRINCE OF WALES,20171201,20171231,0225000,2013
99999,00000,NON-METRO,GSE,H,0399000,0679650,0870225,1051875,1307175,AK,220,ALASKA,SITKA CITY AND,20171201,20171231,0399000,2017
99999,00000,NON-METRO,GSE,H,0336000,0679650,0870225,1051875,1307175,AK,230,ALASKA,SKAGWAY MUNICIP,20171201,20171231,0361000,2016
99999,00000,NON-METRO,GSE,H,0224000,0679650,0870225,1051875,1307175,AK,240,ALASKA,SOUTHEAST FAIRB,20171201,20171231,0228000,2016
99999,00000,NON-METRO,GSE,H,0208000,0679650,0870225,1051875,1307175,AK,261,ALASKA,VALDEZ-CORDOVA,20171201,20171231,0255000,2013
99999,00000,NON-METRO,GSE,H,0178000,0679650,0870225,1051875,1307175,AK,275,ALASKA,WRANGELL CITY A,20171201,20171231,0289000,2013
99999,00000,NON-METRO,GSE,H,0152000,0679650,0870225,1051875,1307175,AK,282,ALASKA,YAKUTAT CITY AN,20171201,20171231,0366000,2013
99999,00000,NON-METRO,GSE,H,0092000,0679650,0870225,1051875,1307175,AK,290,ALASKA,YUKON-KOYUKUK C,20171201,20171231,0117000,2015
33860,00000,"MONTGOMERY, AL",GSE,S,0145000,0453100,0580150,0701250,0871450,AL,001,ALABAMA,AUTAUGA,20171201,20171231,0172000,2011
19300,00000,"DAPHNE-FAIRHOPE-FOLEY, AL",GSE,S,0183000,0453100,0580150,0701250,0871450,AL,003,ALABAMA,BALDWIN,20171201,20171231,0195000,2008
21640,00000,"EUFAULA, AL-GA",GSE,S,0097000,0453100,0580150,0701250,0871450,AL,005,ALABAMA,BARBOUR,20171201,20171231,0126000,2010
13820,00000,"BIRMINGHAM-HOOVER, AL",GSE,S,0190000,0453100,0580150,0701250,0871450,AL,007,ALABAMA,BIBB,20171201,20171231,0190000,2017
13820,00000,"BIRMINGHAM-HOOVER, AL",GSE,S,0190000,0453100,0580150,0701250,0871450,AL,009,ALABAMA,BLOUNT,20171201,20171231,0190000,2017
99999,00000,NON-METRO,GSE,S,0072000,0453100,0580150,0701250,0871450,AL,011,ALABAMA,BULLOCK,20171201,20171231,0076000,2010
99999,00000,NON-METRO,GSE,S,0099000,0453100,0580150,0701250,0871450,AL,013,ALABAMA,BUTLER,20171201,20171231,0099000,2017
11500,00000,"ANNISTON-OXFORD-JACKSONVILLE, AL",GSE,S,0117000,0453100,0580150,0701250,0871450,AL,015,ALABAMA,CALHOUN,20171201,20171231,0117000,2017
46740,00000,"VALLEY, AL",GSE,S,0050000,0453100,0580150,0701250,0871450,AL,017,ALABAMA,CHAMBERS,20171201,20171231,0098000,2010
99999,00000,NON-METRO,GSE,S,0103000,0453100,0580150,0701250,0871450,AL,019,ALABAMA,CHEROKEE,20171201,20171231,0109000,2010
13820,00000,"BIRMINGHAM-HOOVER, AL",GSE,S,0190000,0453100,0580150,0701250,0871450,AL,021,ALABAMA,CHILTON,20171201,20171231,0190000,2017
99999,00000,NON-METRO,GSE,S,0064000,0453100,0580150,0701250,0871450,AL,023,ALABAMA,CHOCTAW,20171201,20171231,0084000,2010
99999,00000,NON-METRO,GSE,S,0091000,0453100,0580150,0701250,0871450,AL,025,ALABAMA,CLARKE,20171201,20171231,0113000,2010
99999,00000,NON-METRO,GSE,S,0073000,0453100,0580150,0701250,0871450,AL,027,ALABAMA,CLAY,20171201,20171231,0087000,2010
99999,00000,NON-METRO,GSE,S,0113000,0453100,0580150,0701250,0871450,AL,029,ALABAMA,CLEBURNE,20171201,20171231,0113000,2017
21460,00000,"ENTERPRISE, AL",GSE,S,0110000,0453100,0580150,0701250,0871450,AL,031,ALABAMA,COFFEE,20171201,20171231,0136000,2014
22520,00000,"FLORENCE-MUSCLE SHOALS, AL",GSE,S,0148000,0453100,0580150,0701250,0871450,AL,033,ALABAMA,COLBERT,20171201,20171231,0154000,2015
99999,00000,NON-METRO,GSE,S,0074000,0453100,0580150,0701250,0871450,AL,035,ALABAMA,CONECUH,20171201,20171231,0078000,2010
45180,00000,"TALLADEGA-SYLACAUGA, AL",GSE,S,0086000,0453100,0580150,0701250,0871450,AL,037,ALABAMA,COOSA,20171201,20171231,0158000,2012
99999,00000,NON-METRO,GSE,S,0061000,0453100,0580150,0701250,0871450,AL,039,ALABAMA,COVINGTON,20171201,20171231,0082000,2009
99999,00000,NON-METRO,GSE,S,0074000,0453100,0580150,0701250,0871450,AL,041,ALABAMA,CRENSHAW,20171201,20171231,0074000,2017
18980,00000,"CULLMAN, AL",GSE,S,0100000,0453100,0580150,0701250,0871450,AL,043,ALABAMA,CULLMAN,20171201,20171231,0114000,2008
37120,00000,"OZARK, AL",GSE,S,0080000,0453100,0580150,0701250,0871450,AL,045,ALABAMA,DALE,20171201,20171231,0118000,2012
42820,00000,"SELMA, AL",GSE,S,0085000,0453100,0580150,0701250,0871450,AL,047,ALABAMA,DALLAS,20171201,20171231,0097000,2010
22840,00000,"FORT PAYNE, AL",GSE,S,0105000,0453100,0580150,0701250,0871450,AL,049,ALABAMA,DEKALB,20171201,20171231,0107000,2014
33860,00000,"MONTGOMERY, AL",GSE,S,0145000,0453100,0580150,0701250,0871450,AL,051,ALABAMA,ELMORE,20171201,20171231,0172000,2011
12120,00000,"ATMORE, AL",GSE,S,0098000,0453100,0580150,0701250,0871450,AL,053,ALABAMA,ESCAMBIA,20171201,20171231,0102000,2016
23460,00000,"GADSDEN, AL",GSE,S,0107000,0453100,0580150,0701250,0871450,AL,055,ALABAMA,ETOWAH,20171201,20171231,0116000,2009
99999,00000,NON-METRO,GSE,S,0079000,0453100,0580150,0701250,0871450,AL,057,ALABAMA,FAYETTE,20171201,20171231,0111000,2010
99999,00000,NON-METRO,GSE,S,0065000,0453100,0580150,0701250,0871450,AL,059,ALABAMA,FRANKLIN,20171201,20171231,0092000,2010
20020,00000,"DOTHAN, AL",GSE,S,0123000,0453100,0580150,0701250,0871450,AL,061,ALABAMA,GENEVA,20171201,20171231,0171000,2011
99999,00000,NON-METRO,GSE,S,0073000,0453100,0580150,0701250,0871450,AL,063,ALABAMA,GREENE,20171201,20171231,0193000,2009
46220,00000,"TUSCALOOSA, AL",GSE,S,0141000,0453100,0580150,0701250,0871450,AL,065,ALABAMA,HALE,20171201,20171231,0288000,2015
20020,00000,"DOTHAN, AL",GSE,S,0123000,0453100,0580150,0701250,0871450,AL,067,ALABAMA,HENRY,20171201,20171231,0171000,2011
20020,00000,"DOTHAN, AL",GSE,S,0123000,0453100,0580150,0701250,0871450,AL,069,ALABAMA,HOUSTON,20171201,20171231,0171000,2011
42460,00000,"SCOTTSBORO, AL",GSE,S,0104000,0453100,0580150,0701250,0871450,AL,071,ALABAMA,JACKSON,20171201,20171231,0104000,2016
13820,00000,"BIRMINGHAM-HOOVER, AL",GSE,S,0190000,0453100,0580150,0701250,0871450,AL,073,ALABAMA,JEFFERSON,20171201,20171231,0190000,2017
99999,00000,NON-METRO,GSE,S,0071000,0453100,0580150,0701250,0871450,AL,075,ALABAMA,LAMAR,20171201,20171231,0096000,2010
22520,00000,"FLORENCE-MUSCLE SHOALS, AL",GSE,S,0148000,0453100,0580150,0701250,0871450,AL,077,ALABAMA,LAUDERDALE,20171201,20171231,0154000,2015
19460,00000,"DECATUR, AL",GSE,S,0106000,0453100,0580150,0701250,0871450,AL,079,ALABAMA,LAWRENCE,20171201,20171231,0156000,2015
12220,00000,"AUBURN-OPELIKA, AL",GSE,S,0197000,0453100,0580150,0701250,0871450,AL,081,ALABAMA,LEE,20171201,20171231,0197000,2017
26620,00000,"HUNTSVILLE, AL",GSE,S,0160000,0453100,0580150,0701250,0871450,AL,083,ALABAMA,LIMESTONE,20171201,20171231,0195000,2008
33860,00000,"MONTGOMERY, AL",GSE,S,0145000,0453100,0580150,0701250,0871450,AL,085,ALABAMA,LOWNDES,20171201,20171231,0172000,2011
99999,00000,NON-METRO,GSE,S,0078000,0453100,0580150,0701250,0871450,AL,087,ALABAMA,MACON,20171201,20171231,0108000,2010
26620,00000,"HUNTSVILLE, AL",GSE,S,0160000,0453100,0580150,0701250,0871450,AL,089,ALABAMA,MADISON,20171201,20171231,0195000,2008
99999,00000,NON-METRO,GSE,S,0095000,0453100,0580150,0701250,0871450,AL,091,ALABAMA,MARENGO,20171201,20171231,0103000,2015
99999,00000,NON-METRO,GSE,S,0085000,0453100,0580150,0701250,0871450,AL,093,ALABAMA,MARION,20171201,20171231,0099000,2015
10700,00000,"ALBERTVILLE, AL",GSE,S,0091000,0453100,0580150,0701250,0871450,AL,095,ALABAMA,MARSHALL,20171201,20171231,0101000,2009
33660,00000,"MOBILE, AL",GSE,S,0092000,0453100,0580150,0701250,0871450,AL,097,ALABAMA,MOBILE,20171201,20171231,0145000,2008
99999,00000,NON-METRO,GSE,S,0050000,0453100,0580150,0701250,0871450,AL,099,ALABAMA,MONROE,20171201,20171231,0107000,2010
33860,00000,"MONTGOMERY, AL",GSE,S,0145000,0453100,0580150,0701250,0871450,AL,101,ALABAMA,MONTGOMERY,20171201,20171231,0172000,2011
19460,00000,"DECATUR, AL",GSE,S,0106000,0453100,0580150,0701250,0871450,AL,103,ALABAMA,MORGAN,20171201,20171231,0156000,2015
99999,00000,NON-METRO,GSE,S,0070000,0453100,0580150,0701250,0871450,AL,105,ALABAMA,PERRY,20171201,20171231,0076000,2016
46220,00000,"TUSCALOOSA, AL",GSE,S,0141000,0453100,0580150,0701250,0871450,AL,107,ALABAMA,PICKENS,20171201,20171231,0288000,2015
45980,00000,"TROY, AL",GSE,S,0110000,0453100,0580150,0701250,0871450,AL,109,ALABAMA,PIKE,20171201,20171231,0112000,2010
99999,00000,NON-METRO,GSE,S,0090000,0453100,0580150,0701250,0871450,AL,111,ALABAMA,RANDOLPH,20171201,20171231,0092000,2016
17980,00000,"COLUMBUS, GA-AL",GSE,S,0189000,0453100,0580150,0701250,0871450,AL,113,ALABAMA,RUSSELL,20171201,20171231,0252000,2009
13820,00000,"BIRMINGHAM-HOOVER, AL",GSE,S,0190000,0453100,0580150,0701250,0871450,AL,115,ALABAMA,ST. CLAIR,20171201,20171231,0190000,2017
13820,00000,"BIRMINGHAM-HOOVER, AL",GSE,S,0190000,0453100,0580150,0701250,0871450,AL,117,ALABAMA,SHELBY,20171201,20171231,0190000,2017
99999,00000,NON-METRO,GSE,S,0077000,0453100,0580150,0701250,0871450,AL,119,ALABAMA,SUMTER,20171201,20171231,0077000,2017
45180,00000,"TALLADEGA-SYLACAUGA, AL",GSE,S,0086000,0453100,0580150,0701250,0871450,AL,121,ALABAMA,TALLADEGA,20171201,20171231,0158000,2009
10760,00000,"ALEXANDER CITY, AL",GSE,S,0108000,0453100,0580150,0701250,0871450,AL,123,ALABAMA,TALLAPOOSA,20171201,20171231,0195000,2016
46220,00000,"TUSCALOOSA, AL",GSE,S,0141000,0453100,0580150,0701250,0871450,AL,125,ALABAMA,TUSCALOOSA,20171201,20171231,0288000,2015
13820,00000,"BIRMINGHAM-HOOVER, AL",GSE,S,0190000,0453100,0580150,0701250,0871450,AL,127,ALABAMA,WALKER,20171201,20171231,0190000,2017
99999,00000,NON-METRO,GSE,S,0090000,0453100,0580150,0701250,0871450,AL,129,ALABAMA,WASHINGTON,20171201,20171231,0105000,2010
99999,00000,NON-METRO,GSE,S,0085000,0453100,0580150,0701250,0871450,AL,131,ALABAMA,WILCOX,20171201,20171231,0094000,2010
99999,00000,NON-METRO,GSE,S,0075000,0453100,0580150,0701250,0871450,AL,133,ALABAMA,WINSTON,20171201,20171231,0088000,2009
99999,00000,NON-METRO,GSE,S,0080000,0453100,0580150,0701250,0871450,AR,001,ARKANSAS,ARKANSAS,20171201,20171231,0083000,2014
99999,00000,NON-METRO,GSE,S,0077000,0453100,0580150,0701250,0871450,AR,003,ARKANSAS,ASHLEY,20171201,20171231,0079000,2013
34260,00000,"MOUNTAIN HOME, AR",GSE,S,0124000,0453100,0580150,0701250,0871450,AR,005,ARKANSAS,BAXTER,20171201,20171231,0124000,2017
22220,00000,"FAYETTEVILLE-SPRINGDALE-ROGERS, AR-MO",GSE,S,0175000,0453100,0580150,0701250,0871450,AR,007,ARKANSAS,BENTON,20171201,20171231,0175000,2017
25460,00000,"HARRISON, AR",GSE,S,0100000,0453100,0580150,0701250,0871450,AR,009,ARKANSAS,BOONE,20171201,20171231,0105000,2015
99999,00000,NON-METRO,GSE,S,0054000,0453100,0580150,0701250,0871450,AR,011,ARKANSAS,BRADLEY,20171201,20171231,0064000,2008
15780,00000,"CAMDEN, AR",GSE,S,0078000,0453100,0580150,0701250,0871450,AR,013,ARKANSAS,CALHOUN,20171201,20171231,0173000,2009
99999,00000,NON-METRO,GSE,S,0118000,0453100,0580150,0701250,0871450,AR,015,ARKANSAS,CARROLL,20171201,20171231,0138000,2010
99999,00000,NON-METRO,GSE,S,0055000,0453100,0580150,0701250,0871450,AR,017,ARKANSAS,CHICOT,20171201,20171231,0119000,2008
11660,00000,"ARKADELPHIA, AR",GSE,S,0077000,0453100,0580150,0701250,0871450,AR,019,ARKANSAS,CLARK,20171201,20171231,0095000,2008
99999,00000,NON-METRO,GSE,S,0045000,0453100,0580150,0701250,0871450,AR,021,ARKANSAS,CLAY,20171201,20171231,0072000,2014
99999,00000,NON-METRO,GSE,S,0119000,0453100,0580150,0701250,0871450,AR,023,ARKANSAS,CLEBURNE,20171201,20171231,0119000,2017
38220,00000,"PINE BLUFF, AR",GSE,S,0059000,0453100,0580150,0701250,0871450,AR,025,ARKANSAS,CLEVELAND,20171201,20171231,0094000,2009
31620,00000,"MAGNOLIA, AR",GSE,S,0108000,0453100,0580150,0701250,0871450,AR,027,ARKANSAS,COLUMBIA,20171201,20171231,0110000,2009
99999,00000,NON-METRO,GSE,S,0076000,0453100,0580150,0701250,0871450,AR,029,ARKANSAS,CONWAY,20171201,20171231,0102000,2009
27860,00000,"JONESBORO, AR",GSE,S,0134000,0453100,0580150,0701250,0871450,AR,031,ARKANSAS,CRAIGHEAD,20171201,20171231,0134000,2017
22900,00000,"FORT SMITH, AR-OK",GSE,S,0112000,0453100,0580150,0701250,0871450,AR,033,ARKANSAS,CRAWFORD,20171201,20171231,0117000,2009
32820,00000,"MEMPHIS, TN-MS-AR",GSE,S,0180000,0453100,0580150,0701250,0871450,AR,035,ARKANSAS,CRITTENDEN,20171201,20171231,0180000,2017
99999,00000,NON-METRO,GSE,S,0090000,0453100,0580150,0701250,0871450,AR,037,ARKANSAS,CROSS,20171201,20171231,0099000,2008
99999,00000,NON-METRO,GSE,S,0050000,0453100,0580150,0701250,0871450,AR,039,ARKANSAS,DALLAS,20171201,20171231,0083000,2008
99999,00000,NON-METRO,GSE,S,0053000,0453100,0580150,0701250,0871450,AR,041,ARKANSAS,DESHA,20171201,20171231,0057000,2012
99999,00000,NON-METRO,GSE,S,0096000,0453100,0580150,0701250,0871450,AR,043,ARKANSAS,DREW,20171201,20171231,0096000,2017
30780,00000,"LITTLE ROCK-NORTH LITTLE ROCK-CONWAY, A",GSE,S,0155000,0453100,0580150,0701250,0871450,AR,045,ARKANSAS,FAULKNER,20171201,20171231,0168000,2009
99999,00000,NON-METRO,GSE,S,0051000,0453100,0580150,0701250,0871450,AR,047,ARKANSAS,FRANKLIN,20171201,20171231,0124000,2016
99999,00000,NON-METRO,GSE,S,0057000,0453100,0580150,0701250,0871450,AR,049,ARKANSAS,FULTON,20171201,20171231,0100000,2014
26300,00000,"HOT SPRINGS, AR",GSE,S,0128000,0453100,0580150,0701250,0871450,AR,051,ARKANSAS,GARLAND,20171201,20171231,0144000,2009
30780,00000,"LITTLE ROCK-NORTH LITTLE ROCK-CONWAY, A",GSE,S,0155000,0453100,0580150,0701250,0871450,AR,053,ARKANSAS,GRANT,20171201,20171231,0168000,2009
37500,00000,"PARAGOULD, AR",GSE,S,0100000,0453100,0580150,0701250,0871450,AR,055,ARKANSAS,GREENE,20171201,20171231,0100000,2016
26260,00000,"HOPE, AR",GSE,S,0048000,0453100,0580150,0701250,0871450,AR,057,ARKANSAS,HEMPSTEAD,20171201,20171231,0070000,2011
31680,00000,"MALVERN, AR",GSE,S,0072000,0453100,0580150,0701250,0871450,AR,059,ARKANSAS,HOT SPRING,20171201,20171231,0091000,2013
99999,00000,NON-METRO,GSE,S,0082000,0453100,0580150,0701250,0871450,AR,061,ARKANSAS,HOWARD,20171201,20171231,0082000,2017
12900,00000,"BATESVILLE, AR",GSE,S,0080000,0453100,0580150,0701250,0871450,AR,063,ARKANSAS,INDEPENDENCE,20171201,20171231,0097000,2008
99999,00000,NON-METRO,GSE,S,0059000,0453100,0580150,0701250,0871450,AR,065,ARKANSAS,IZARD,20171201,20171231,0078000,2011
99999,00000,NON-METRO,GSE,S,0041000,0453100,0580150,0701250,0871450,AR,067,ARKANSAS,JACKSON,20171201,20171231,0066000,2008
38220,00000,"PINE BLUFF, AR",GSE,S,0059000,0453100,0580150,0701250,0871450,AR,069,ARKANSAS,JEFFERSON,20171201,20171231,0094000,2009
99999,00000,NON-METRO,GSE,S,0070000,0453100,0580150,0701250,0871450,AR,071,ARKANSAS,JOHNSON,20171201,20171231,0090000,2015
99999,00000,NON-METRO,GSE,S,0064000,0453100,0580150,0701250,0871450,AR,073,ARKANSAS,LAFAYETTE,20171201,20171231,0064000,2012
99999,00000,NON-METRO,GSE,S,0049000,0453100,0580150,0701250,0871450,AR,075,ARKANSAS,LAWRENCE,20171201,20171231,0058000,2008
99999,00000,NON-METRO,GSE,S,0049000,0453100,0580150,0701250,0871450,AR,077,ARKANSAS,LEE,20171201,20171231,0054000,2014
38220,00000,"PINE BLUFF, AR",GSE,S,0059000,0453100,0580150,0701250,0871450,AR,079,ARKANSAS,LINCOLN,20171201,20171231,0094000,2009
45500,00000,"TEXARKANA, TX-AR",GSE,S,0137000,0453100,0580150,0701250,0871450,AR,081,ARKANSAS,LITTLE RIVER,20171201,20171231,0137000,2014
99999,00000,NON-METRO,GSE,S,0055000,0453100,0580150,0701250,0871450,AR,083,ARKANSAS,LOGAN,20171201,20171231,0084000,2015
30780,00000,"LITTLE ROCK-NORTH LITTLE ROCK-CONWAY, A",GSE,S,0155000,0453100,0580150,0701250,0871450,AR,085,ARKANSAS,LONOKE,20171201,20171231,0168000,2009
22220,00000,"FAYETTEVILLE-SPRINGDALE-ROGERS, AR-MO",GSE,S,0175000,0453100,0580150,0701250,0871450,AR,087,ARKANSAS,MADISON,20171201,20171231,0175000,2017
99999,00000,NON-METRO,GSE,S,0075000,0453100,0580150,0701250,0871450,AR,089,ARKANSAS,MARION,20171201,20171231,0100000,2016
45500,00000,"TEXARKANA, TX-AR",GSE,S,0137000,0453100,0580150,0701250,0871450,AR,091,ARKANSAS,MILLER,20171201,20171231,0137000,2014
14180,00000,"BLYTHEVILLE, AR",GSE,S,0095000,0453100,0580150,0701250,0871450,AR,093,ARKANSAS,MISSISSIPPI,20171201,20171231,0095000,2017
99999,00000,NON-METRO,GSE,S,0032000,0453100,0580150,0701250,0871450,AR,095,ARKANSAS,MONROE,20171201,20171231,0060000,2013
99999,00000,NON-METRO,GSE,S,0060000,0453100,0580150,0701250,0871450,AR,097,ARKANSAS,MONTGOMERY,20171201,20171231,0077000,2013
26260,00000,"HOPE, AR",GSE,S,0048000,0453100,0580150,0701250,0871450,AR,099,ARKANSAS,NEVADA,20171201,20171231,0070000,2011
25460,00000,"HARRISON, AR",GSE,S,0100000,0453100,0580150,0701250,0871450,AR,101,ARKANSAS,NEWTON,20171201,20171231,0105000,2015
15780,00000,"CAMDEN, AR",GSE,S,0078000,0453100,0580150,0701250,0871450,AR,103,ARKANSAS,OUACHITA,20171201,20171231,0173000,2009
30780,00000,"LITTLE ROCK-NORTH LITTLE ROCK-CONWAY, A",GSE,S,0155000,0453100,0580150,0701250,0871450,AR,105,ARKANSAS,PERRY,20171201,20171231,0168000,2009
25760,00000,"HELENA-WEST HELENA, AR",GSE,S,0035000,0453100,0580150,0701250,0871450,AR,107,ARKANSAS,PHILLIPS,20171201,20171231,0065000,2013
99999,00000,NON-METRO,GSE,S,0077000,0453100,0580150,0701250,0871450,AR,109,ARKANSAS,PIKE,20171201,20171231,0079000,2014
27860,00000,"JONESBORO, AR",GSE,S,0134000,0453100,0580150,0701250,0871450,AR,111,ARKANSAS,POINSETT,20171201,20171231,0134000,2017
99999,00000,NON-METRO,GSE,S,0080000,0453100,0580150,0701250,0871450,AR,113,ARKANSAS,POLK,20171201,20171231,0083000,2008
40780,00000,"RUSSELLVILLE, AR",GSE,S,0108000,0453100,0580150,0701250,0871450,AR,115,ARKANSAS,POPE,20171201,20171231,0111000,2013
99999,00000,NON-METRO,GSE,S,0052000,0453100,0580150,0701250,0871450,AR,117,ARKANSAS,PRAIRIE,20171201,20171231,0096000,2013
30780,00000,"LITTLE ROCK-NORTH LITTLE ROCK-CONWAY, A",GSE,S,0155000,0453100,0580150,0701250,0871450,AR,119,ARKANSAS,PULASKI,20171201,20171231,0168000,2009
99999,00000,NON-METRO,GSE,S,0054000,0453100,0580150,0701250,0871450,AR,121,ARKANSAS,RANDOLPH,20171201,20171231,0075000,2016
22620,00000,"FORREST CITY, AR",GSE,S,0060000,0453100,0580150,0701250,0871450,AR,123,ARKANSAS,ST. FRANCIS,20171201,20171231,0060000,2017
30780,00000,"LITTLE ROCK-NORTH LITTLE ROCK-CONWAY, A",GSE,S,0155000,0453100,0580150,0701250,0871450,AR,125,ARKANSAS,SALINE,20171201,20171231,0168000,2009
99999,00000,NON-METRO,GSE,S,0065000,0453100,0580150,0701250,0871450,AR,127,ARKANSAS,SCOTT,20171201,20171231,0065000,2017
99999,00000,NON-METRO,GSE,S,0060000,0453100,0580150,0701250,0871450,AR,129,ARKANSAS,SEARCY,20171201,20171231,0068000,2010
22900,00000,"FORT SMITH, AR-OK",GSE,S,0112000,0453100,0580150,0701250,0871450,AR,131,ARKANSAS,SEBASTIAN,20171201,20171231,0117000,2009
99999,00000,NON-METRO,GSE,S,0071000,0453100,0580150,0701250,0871450,AR,133,ARKANSAS,SEVIER,20171201,20171231,0072000,2008
99999,00000,NON-METRO,GSE,S,0058000,0453100,0580150,0701250,0871450,AR,135,ARKANSAS,SHARP,20171201,20171231,0063000,2008
99999,00000,NON-METRO,GSE,S,0070000,0453100,0580150,0701250,0871450,AR,137,ARKANSAS,STONE,20171201,20171231,0096000,2013
20980,00000,"EL DORADO, AR",GSE,S,0087000,0453100,0580150,0701250,0871450,AR,139,ARKANSAS,UNION,20171201,20171231,0115000,2009
99999,00000,NON-METRO,GSE,S,0062000,0453100,0580150,0701250,0871450,AR,141,ARKANSAS,VAN BUREN,20171201,20171231,0080000,2009
22220,00000,"FAYETTEVILLE-SPRINGDALE-ROGERS, AR-MO",GSE,S,0175000,0453100,0580150,0701250,0871450,AR,143,ARKANSAS,WASHINGTON,20171201,20171231,0175000,2017
42620,00000,"SEARCY, AR",GSE,S,0099000,0453100,0580150,0701250,0871450,AR,145,ARKANSAS,WHITE,20171201,20171231,0119000,2009
99999,00000,NON-METRO,GSE,S,0030000,0453100,0580150,0701250,0871450,AR,147,ARKANSAS,WOODRUFF,20171201,20171231,0066000,2013
40780,00000,"RUSSELLVILLE, AR",GSE,S,0108000,0453100,0580150,0701250,0871450,AR,149,ARKANSAS,YELL,20171201,20171231,0111000,2013
99999,00000,NON-METRO,GSE,S,0087000,0453100,0580150,0701250,0871450,AS,010,AMERICAN SAMOA,EASTERN DISTRIC,20171201,20171231,0122000,2008
99999,00000,NON-METRO,GSE,S,0074000,0453100,0580150,0701250,0871450,AS,020,AMERICAN SAMOA,MANU'A DISTRICT,20171201,20171231,0230000,2008
99999,00000,NON-METRO,GSE,S,0087000,0453100,0580150,0701250,0871450,AS,030,AMERICAN SAMOA,ROSE ISLAND,20171201,20171231,0128000,2008
99999,00000,NON-METRO,GSE,S,0024000,0453100,0580150,0701250,0871450,AS,040,AMERICAN SAMOA,SWAINS ISLAND,20171201,20171231,0062000,2008
99999,00000,NON-METRO,GSE,S,0090000,0453100,0580150,0701250,0871450,AS,050,AMERICAN SAMOA,WESTERN DISTRIC,20171201,20171231,0125000,2008
99999,00000,NON-METRO,GSE,S,0080000,0453100,0580150,0701250,0871450,AZ,001,ARIZONA,APACHE,20171201,20171231,0150000,2008
43420,00000,"SIERRA VISTA-DOUGLAS, AZ",GSE,S,0123000,0453100,0580150,0701250,0871450,AZ,003,ARIZONA,COCHISE,20171201,20171231,0176000,2009
22380,00000,"FLAGSTAFF, AZ",GSE,S,0278000,0453100,0580150,0701250,0871450,AZ,005,ARIZONA,COCONINO,20171201,20171231,0315000,2008
37740,00000,"PAYSON, AZ",GSE,S,0169000,0453100,0580150,0701250,0871450,AZ,007,ARIZONA,GILA,20171201,20171231,0185000,2008
40940,00000,"SAFFORD, AZ",GSE,S,0140000,0453100,0580150,0701250,0871450,AZ,009,ARIZONA,GRAHAM,20171201,20171231,0163000,2008
99999,00000,NON-METRO,GSE,S,0124000,0453100,0580150,0701250,0871450,AZ,011,ARIZONA,GREENLEE,20171201,20171231,0163000,2008
99999,00000,NON-METRO,GSE,S,0070000,0453100,0580150,0701250,0871450,AZ,012,ARIZONA,LA PAZ,20171201,20171231,0091000,2009
38060,00000,"PHOENIX-MESA-SCOTTSDALE, AZ",GSE,S,0255000,0453100,0580150,0701250,0871450,AZ,013,ARIZONA,MARICOPA,20171201,20171231,0255000,2017
29420,00000,"LAKE HAVASU CITY-KINGMAN, AZ",GSE,S,0141000,0453100,0580150,0701250,0871450,AZ,015,ARIZONA,MOHAVE,20171201,20171231,0165000,2008
43320,00000,"SHOW LOW, AZ",GSE,S,0134000,0453100,0580150,0701250,0871450,AZ,017,ARIZONA,NAVAJO,20171201,20171231,0181000,2008
46060,00000,"TUCSON, AZ",GSE,S,0195000,0453100,0580150,0701250,0871450,AZ,019,ARIZONA,PIMA,20171201,20171231,0208000,2008
38060,00000,"PHOENIX-MESA-SCOTTSDALE, AZ",GSE,S,0255000,0453100,0580150,0701250,0871450,AZ,021,ARIZONA,PINAL,20171201,20171231,0255000,2017
35700,00000,"NOGALES, AZ",GSE,S,0135000,0453100,0580150,0701250,0871450,AZ,023,ARIZONA,SANTA CRUZ,20171201,20171231,0157000,2008
39140,00000,"PRESCOTT, AZ",GSE,S,0237000,0453100,0580150,0701250,0871450,AZ,025,ARIZONA,YAVAPAI,20171201,20171231,0237000,2017
49740,00000,"YUMA, AZ",GSE,S,0131000,0453100,0580150,0701250,0871450,AZ,027,ARIZONA,YUMA,20171201,20171231,0150000,2008
41860,36084,"SAN FRANCISCO-OAKLAND-HAYWARD, CA",GSE,H,1250000,0679650,0870225,1051875,1307175,CA,001,CALIFORNIA,ALAMEDA,20171201,20171231,1250000,2017
99999,00000,NON-METRO,GSE,H,0182000,0463450,0593300,0717150,0891250,CA,003,CALIFORNIA,ALPINE,20171201,20111001,0403000,2008
99999,00000,NON-METRO,GSE,S,0270000,0453100,0580150,0701250,0871450,CA,005,CALIFORNIA,AMADOR,20171201,20171231,0289000,2008
17020,00000,"CHICO, CA",GSE,S,0243000,0453100,0580150,0701250,0871450,CA,007,CALIFORNIA,BUTTE,20171201,20171231,0255000,2008
99999,00000,NON-METRO,GSE,S,0259000,0453100,0580150,0701250,0871450,CA,009,CALIFORNIA,CALAVERAS,20171201,20171231,0325000,2008
99999,00000,NON-METRO,GSE,S,0218000,0453100,0580150,0701250,0871450,CA,011,CALIFORNIA,COLUSA,20171201,20171231,0218000,2017
41860,36084,"SAN FRANCISCO-OAKLAND-HAYWARD, CA",GSE,H,1250000,0679650,0870225,1051875,1307175,CA,013,CALIFORNIA,CONTRA COSTA,20171201,20171231,1250000,2017
18860,00000,"CRESCENT CITY, CA",GSE,S,0168000,0453100,0580150,0701250,0871450,CA,015,CALIFORNIA,DEL NORTE,20171201,20171231,0200000,2008
40900,00000,"SACRAMENTO--ROSEVILLE--ARDEN-ARCADE, CA",GSE,H,0450000,0517500,0662500,0800800,0995200,CA,017,CALIFORNIA,EL DORADO,20171201,20171231,0450000,2017
23420,00000,"FRESNO, CA",GSE,S,0252000,0453100,0580150,0701250,0871450,CA,019,CALIFORNIA,FRESNO,20171201,20171231,0252000,2017
99999,00000,NON-METRO,GSE,S,0187000,0453100,0580150,0701250,0871450,CA,021,CALIFORNIA,GLENN,20171201,20171231,0197000,2008
21700,00000,"EUREKA-ARCATA-FORTUNA, CA",GSE,S,0283000,0453100,0580150,0701250,0871450,CA,023,CALIFORNIA,HUMBOLDT,20171201,20171231,0285000,2008
20940,00000,"EL CENTRO, CA",GSE,S,0205000,0453100,0580150,0701250,0871450,CA,025,CALIFORNIA,IMPERIAL,20171201,20171231,0220000,2008
99999,00000,NON-METRO,GSE,S,0295000,0453100,0580150,0701250,0871450,CA,027,CALIFORNIA,INYO,20171201,20171231,0321000,2008
12540,00000,"BAKERSFIELD, CA",GSE,S,0205000,0453100,0580150,0701250,0871450,CA,029,CALIFORNIA,KERN,20171201,20171231,0225000,2008
25260,00000,"HANFORD-CORCORAN, CA",GSE,S,0219000,0453100,0580150,0701250,0871450,CA,031,CALIFORNIA,KINGS,20171201,20171231,0219000,2017
17340,00000,"CLEARLAKE, CA",GSE,S,0175000,0453100,0580150,0701250,0871450,CA,033,CALIFORNIA,LAKE,20171201,20171231,0210000,2008
45000,00000,"SUSANVILLE, CA",GSE,S,0140000,0453100,0580150,0701250,0871450,CA,035,CALIFORNIA,LASSEN,20171201,20171231,0190000,2008
31080,31084,"LOS ANGELES-LONG BEACH-ANAHEIM, CA",GSE,H,0750000,0679650,0870225,1051875,1307175,CA,037,CALIFORNIA,LOS ANGELES,20171201,20171231,0750000,2017
31460,00000,"MADERA, CA",GSE,S,0220000,0453100,0580150,0701250,0871450,CA,039,CALIFORNIA,MADERA,20171201,20171231,0220000,2008
41860,42034,"SAN FRANCISCO-OAKLAND-HAYWARD, CA",GSE,H,1250000,0679650,0870225,1051875,1307175,CA,041,CALIFORNIA,MARIN,20171201,20171231,1250000,2017
99999,00000,NON-METRO,GSE,S,0210000,0453100,0580150,0701250,0871450,CA,043,CALIFORNIA,MARIPOSA,20171201,20171231,0280000,2008
46380,00000,"UKIAH, CA",GSE,S,0343000,0453100,0580150,0701250,0871450,CA,045,CALIFORNIA,MENDOCINO,20171201,20171231,0343000,2017
32900,00000,"MERCED, CA",GSE,S,0245000,0453100,0580150,0701250,0871450,CA,047,CALIFORNIA,MERCED,20171201,20171231,0245000,2017
99999,00000,NON-METRO,GSE,S,0077000,0453100,0580150,0701250,0871450,CA,049,CALIFORNIA,MODOC,20171201,20171231,0151000,2009
99999,00000,NON-METRO,GSE,H,0323000,0529000,0677200,0818600,1017300,CA,051,CALIFORNIA,MONO,20171201,20090101,0460000,2008
41500,00000,"SALINAS, CA",GSE,H,0535000,0615250,0787650,0952050,1183200,CA,053,CALIFORNIA,MONTEREY,20171201,20171231,0535000,2017
34900,00000,"NAPA, CA",GSE,H,0625000,0679650,0870225,1051875,1307175,CA,055,CALIFORNIA,NAPA,20171201,20171231,0625000,2017
46020,00000,"TRUCKEE-GRASS VALLEY, CA",GSE,H,0389000,0477250,0610950,0738500,0917800,CA,057,CALIFORNIA,NEVADA,20171201,20111001,0415000,2008
31080,11244,"LOS ANGELES-LONG BEACH-ANAHEIM, CA",GSE,H,0750000,0679650,0870225,1051875,1307175,CA,059,CALIFORNIA,ORANGE,20171201,20171231,0750000,2017
40900,00000,"SACRAMENTO--ROSEVILLE--ARDEN-ARCADE, CA",GSE,H,0450000,0517500,0662500,0800800,0995200,CA,061,CALIFORNIA,PLACER,20171201,20171231,0450000,2017
99999,00000,NON-METRO,GSE,S,0224000,0453100,0580150,0701250,0871450,CA,063,CALIFORNIA,PLUMAS,20171201,20171231,0293000,2008
40140,00000,"RIVERSIDE-SAN BERNARDINO-ONTARIO, CA",GSE,S,0353000,0453100,0580150,0701250,0871450,CA,065,CALIFORNIA,RIVERSIDE,20171201,20171231,0353000,2017
40900,00000,"SACRAMENTO--ROSEVILLE--ARDEN-ARCADE, CA",GSE,H,0450000,0517500,0662500,0800800,0995200,CA,067,CALIFORNIA,SACRAMENTO,20171201,20171231,0450000,2017
41940,00000,"SAN JOSE-SUNNYVALE-SANTA CLARA, CA",GSE,H,1005000,0679650,0870225,1051875,1307175,CA,069,CALIFORNIA,SAN BENITO,20171201,20171231,1005000,2017
40140,00000,"RIVERSIDE-SAN BERNARDINO-ONTARIO, CA",GSE,S,0353000,0453100,0580150,0701250,0871450,CA,071,CALIFORNIA,SAN BERNARDINO,20171201,20171231,0353000,2017
41740,00000,"SAN DIEGO-CARLSBAD, CA",GSE,H,0565000,0649750,0831800,1005450,1249550,CA,073,CALIFORNIA,SAN DIEGO,20171201,20171231,0565000,2017
41860,41884,"SAN FRANCISCO-OAKLAND-HAYWARD, CA",GSE,H,1250000,0679650,0870225,1051875,1307175,CA,075,CALIFORNIA,SAN FRANCISCO,20171201,20171231,1250000,2017
44700,00000,"STOCKTON-LODI, CA",GSE,S,0340000,0453100,0580150,0701250,0871450,CA,077,CALIFORNIA,SAN JOAQUIN,20171201,20171231,0340000,2017
42020,00000,SAN LUIS OBISPO-PASO ROBLES-ARROYO GRAN,GSE,H,0535000,0615250,0787650,0952050,1183200,CA,079,CALIFORNIA,SAN LUIS OBISPO,20171201,20171231,0535000,2017
41860,41884,"SAN FRANCISCO-OAKLAND-HAYWARD, CA",GSE,H,1250000,0679650,0870225,1051875,1307175,CA,081,CALIFORNIA,SAN MATEO,20171201,20171231,1250000,2017
42200,00000,"SANTA MARIA-SANTA BARBARA, CA",GSE,H,0499000,0625500,0800775,0967950,1202925,CA,083,CALIFORNIA,SANTA BARBARA,20171201,20140101,0568000,2010
41940,00000,"SAN JOSE-SUNNYVALE-SANTA CLARA, CA",GSE,H,1005000,0679650,0870225,1051875,1307175,CA,085,CALIFORNIA,SANTA CLARA,20171201,20171231,1005000,2017
42100,00000,"SANTA CRUZ-WATSONVILLE, CA",GSE,H,0718000,0679650,0870225,1051875,1307175,CA,087,CALIFORNIA,SANTA CRUZ,20171201,20171231,0718000,2017
39820,00000,"REDDING, CA",GSE,S,0235000,0453100,0580150,0701250,0871450,CA,089,CALIFORNIA,SHASTA,20171201,20171231,0238000,2008
99999,00000,NON-METRO,GSE,S,0175000,0453100,0580150,0701250,0871450,CA,091,CALIFORNIA,SIERRA,20171201,20171231,0265000,2009
99999,00000,NON-METRO,GSE,S,0150000,0453100,0580150,0701250,0871450,CA,093,CALIFORNIA,SISKIYOU,20171201,20171231,0185000,2008
46700,00000,"VALLEJO-FAIRFIELD, CA",GSE,H,0400000,0460000,0588850,0711800,0884600,CA,095,CALIFORNIA,SOLANO,20171201,20171231,0400000,2017
42220,00000,"SANTA ROSA, CA",GSE,H,0564000,0648600,0830300,1003650,1247300,CA,097,CALIFORNIA,SONOMA,20171201,20171231,0564000,2017
33700,00000,"MODESTO, CA",GSE,S,0280000,0453100,0580150,0701250,0871450,CA,099,CALIFORNIA,STANISLAUS,20171201,20171231,0280000,2017
49700,00000,"YUBA CITY, CA",GSE,S,0260000,0453100,0580150,0701250,0871450,CA,101,CALIFORNIA,SUTTER,20171201,20171231,0260000,2017
39780,00000,"RED BLUFF, CA",GSE,S,0170000,0453100,0580150,0701250,0871450,CA,103,CALIFORNIA,TEHAMA,20171201,20171231,0200000,2008
99999,00000,NON-METRO,GSE,S,0185000,0453100,0580150,0701250,0871450,CA,105,CALIFORNIA,TRINITY,20171201,20171231,0200000,2008
47300,00000,"VISALIA-PORTERVILLE, CA",GSE,S,0215000,0453100,0580150,0701250,0871450,CA,107,CALIFORNIA,TULARE,20171201,20171231,0215000,2017
43760,00000,"SONORA, CA",GSE,S,0250000,0453100,0580150,0701250,0871450,CA,109,CALIFORNIA,TUOLUMNE,20171201,20171231,0288000,2008
37100,00000,"OXNARD-THOUSAND OAKS-VENTURA, CA",GSE,H,0585000,0672750,0861250,1041050,1293750,CA,111,CALIFORNIA,VENTURA,20171201,20171231,0585000,2017
40900,00000,"SACRAMENTO--ROSEVILLE--ARDEN-ARCADE, CA",GSE,H,0450000,0517500,0662500,0800800,0995200,CA,113,CALIFORNIA,YOLO,20171201,20171231,0450000,2017
49700,00000,"YUBA CITY, CA",GSE,S,0260000,0453100,0580150,0701250,0871450,CA,115,CALIFORNIA,YUBA,20171201,20171231,0260000,2017
19740,00000,"DENVER-AURORA-LAKEWOOD, CO",GSE,H,0460000,0529000,0677200,0818600,1017300,CO,001,COLORADO,ADAMS,20171201,20171231,0460000,2017
99999,00000,NON-METRO,GSE,S,0150000,0453100,0580150,0701250,0871450,CO,003,COLORADO,ALAMOSA,20171201,20171231,0162000,2008
19740,00000,"DENVER-AURORA-LAKEWOOD, CO",GSE,H,0460000,0529000,0677200,0818600,1017300,CO,005,COLORADO,ARAPAHOE,20171201,20171231,0460000,2017
99999,00000,NON-METRO,GSE,S,0239000,0453100,0580150,0701250,0871450,CO,007,COLORADO,ARCHULETA,20171201,20171231,0248000,2008
99999,00000,NON-METRO,GSE,S,0055000,0453100,0580150,0701250,0871450,CO,009,COLORADO,BACA,20171201,20171231,0074000,2009
99999,00000,NON-METRO,GSE,S,0049000,0453100,0580150,0701250,0871450,CO,011,COLORADO,BENT,20171201,20171231,0102000,2009
14500,00000,"BOULDER, CO",GSE,H,0503000,0578450,0740500,0895100,1112400,CO,013,COLORADO,BOULDER,20171201,20171231,0503000,2017
19740,00000,"DENVER-AURORA-LAKEWOOD, CO",GSE,H,0460000,0529000,0677200,0818600,1017300,CO,014,COLORADO,BROOMFIELD,20171201,20171231,0460000,2017
99999,00000,NON-METRO,GSE,S,0262000,0453100,0580150,0701250,0871450,CO,015,COLORADO,CHAFFEE,20171201,20171231,0262000,2017
99999,00000,NON-METRO,GSE,S,0053000,0453100,0580150,0701250,0871450,CO,017,COLORADO,CHEYENNE,20171201,20171231,0116000,2009
19740,00000,"DENVER-AURORA-LAKEWOOD, CO",GSE,H,0460000,0529000,0677200,0818600,1017300,CO,019,COLORADO,CLEAR CREEK,20171201,20171231,0460000,2017
99999,00000,NON-METRO,GSE,S,0072000,0453100,0580150,0701250,0871450,CO,021,COLORADO,CONEJOS,20171201,20171231,0094000,2014
99999,00000,NON-METRO,GSE,S,0111000,0453100,0580150,0701250,0871450,CO,023,COLORADO,COSTILLA,20171201,20171231,0111000,2017
99999,00000,NON-METRO,GSE,S,0044000,0453100,0580150,0701250,0871450,CO,025,COLORADO,CROWLEY,20171201,20171231,0094000,2009
99999,00000,NON-METRO,GSE,S,0170000,0453100,0580150,0701250,0871450,CO,027,COLORADO,CUSTER,20171201,20171231,0227000,2009
99999,00000,NON-METRO,GSE,S,0170000,0453100,0580150,0701250,0871450,CO,029,COLORADO,DELTA,20171201,20171231,0177000,2008
19740,00000,"DENVER-AURORA-LAKEWOOD, CO",GSE,H,0460000,0529000,0677200,0818600,1017300,CO,031,COLORADO,DENVER,20171201,20171231,0460000,2017
99999,00000,NON-METRO,GSE,S,0144000,0453100,0580150,0701250,0871450,CO,033,COLORADO,DOLORES,20171201,20171231,0145000,2009
19740,00000,"DENVER-AURORA-LAKEWOOD, CO",GSE,H,0460000,0529000,0677200,0818600,1017300,CO,035,COLORADO,DOUGLAS,20171201,20171231,0460000,2017
20780,00000,"EDWARDS, CO",GSE,H,0535000,0636150,0814500,0984525,1223475,CO,037,COLORADO,EAGLE,20171201,20170101,0710000,2008
19740,00000,"DENVER-AURORA-LAKEWOOD, CO",GSE,H,0460000,0529000,0677200,0818600,1017300,CO,039,COLORADO,ELBERT,20171201,20171231,0460000,2017
17820,00000,"COLORADO SPRINGS, CO",GSE,S,0265000,0453100,0580150,0701250,0871450,CO,041,COLORADO,EL PASO,20171201,20171231,0265000,2017
15860,00000,"CANON CITY, CO",GSE,S,0156000,0453100,0580150,0701250,0871450,CO,043,COLORADO,FREMONT,20171201,20171231,0156000,2017
24060,00000,"GLENWOOD SPRINGS, CO",GSE,H,0695000,0679650,0870225,1051875,1307175,CO,045,COLORADO,GARFIELD,20171201,20171231,1900000,2013
19740,00000,"DENVER-AURORA-LAKEWOOD, CO",GSE,H,0460000,0529000,0677200,0818600,1017300,CO,047,COLORADO,GILPIN,20171201,20171231,0460000,2017
99999,00000,NON-METRO,GSE,S,0325000,0453100,0580150,0701250,0871450,CO,049,COLORADO,GRAND,20171201,20171231,0325000,2017
99999,00000,NON-METRO,GSE,S,0278000,0453100,0580150,0701250,0871450,CO,051,COLORADO,GUNNISON,20171201,20171231,0311000,2008
99999,00000,NON-METRO,GSE,S,0308000,0453100,0580150,0701250,0871450,CO,053,COLORADO,HINSDALE,20171201,20171231,0372000,2009
99999,00000,NON-METRO,GSE,S,0092000,0453100,0580150,0701250,0871450,CO,055,COLORADO,HUERFANO,20171201,20171231,0139000,2009
99999,00000,NON-METRO,GSE,S,0132000,0453100,0580150,0701250,0871450,CO,057,COLORADO,JACKSON,20171201,20171231,0148000,2015
19740,00000,"DENVER-AURORA-LAKEWOOD, CO",GSE,H,0460000,0529000,0677200,0818600,1017300,CO,059,COLORADO,JEFFERSON,20171201,20171231,0460000,2017
99999,00000,NON-METRO,GSE,S,0057000,0453100,0580150,0701250,0871450,CO,061,COLORADO,KIOWA,20171201,20171231,0073000,2014
99999,00000,NON-METRO,GSE,S,0068000,0453100,0580150,0701250,0871450,CO,063,COLORADO,KIT CARSON,20171201,20171231,0125000,2009
99999,00000,NON-METRO,GSE,H,0193000,0625500,0800775,0967950,1202925,CO,065,COLORADO,LAKE,20171201,20140101,0710000,2008
20420,00000,"DURANGO, CO",GSE,S,0340000,0453100,0580150,0701250,0871450,CO,067,COLORADO,LA PLATA,20171201,20171231,0340000,2017
22660,00000,"FORT COLLINS, CO",GSE,S,0350000,0453100,0580150,0701250,0871450,CO,069,COLORADO,LARIMER,20171201,20171231,0350000,2017
99999,00000,NON-METRO,GSE,S,0088000,0453100,0580150,0701250,0871450,CO,071,COLORADO,LAS ANIMAS,20171201,20171231,0157000,2008
99999,00000,NON-METRO,GSE,S,0061000,0453100,0580150,0701250,0871450,CO,073,COLORADO,LINCOLN,20171201,20171231,0137000,2008
44540,00000,"STERLING, CO",GSE,S,0125000,0453100,0580150,0701250,0871450,CO,075,COLORADO,LOGAN,20171201,20171231,0125000,2016
24300,00000,"GRAND JUNCTION, CO",GSE,S,0215000,0453100,0580150,0701250,0871450,CO,077,COLORADO,MESA,20171201,20171231,0246000,2009
99999,00000,NON-METRO,GSE,S,0161000,0453100,0580150,0701250,0871450,CO,079,COLORADO,MINERAL,20171201,20171231,0200000,2009
18780,00000,"CRAIG, CO",GSE,S,0160000,0453100,0580150,0701250,0871450,CO,081,COLORADO,MOFFAT,20171201,20171231,0167000,2008
99999,00000,NON-METRO,GSE,S,0178000,0453100,0580150,0701250,0871450,CO,083,COLORADO,MONTEZUMA,20171201,20171231,0178000,2017
33940,00000,"MONTROSE, CO",GSE,S,0205000,0453100,0580150,0701250,0871450,CO,085,COLORADO,MONTROSE,20171201,20171231,0205000,2017
22820,00000,"FORT MORGAN, CO",GSE,S,0160000,0453100,0580150,0701250,0871450,CO,087,COLORADO,MORGAN,20171201,20171231,0160000,2017
99999,00000,NON-METRO,GSE,S,0109000,0453100,0580150,0701250,0871450,CO,089,COLORADO,OTERO,20171201,20171231,0109000,2017
99999,00000,NON-METRO,GSE,S,0287000,0453100,0580150,0701250,0871450,CO,091,COLORADO,OURAY,20171201,20171231,0370000,2009
19740,00000,"DENVER-AURORA-LAKEWOOD, CO",GSE,H,0460000,0529000,0677200,0818600,1017300,CO,093,COLORADO,PARK,20171201,20171231,0460000,2017
99999,00000,NON-METRO,GSE,S,0085000,0453100,0580150,0701250,0871450,CO,095,COLORADO,PHILLIPS,20171201,20171231,0112000,2008
24060,00000,"GLENWOOD SPRINGS, CO",GSE,H,0695000,0679650,0870225,1051875,1307175,CO,097,COLORADO,PITKIN,20171201,20171231,1900000,2009
99999,00000,NON-METRO,GSE,S,0080000,0453100,0580150,0701250,0871450,CO,099,COLORADO,PROWERS,20171201,20171231,0080000,2017
39380,00000,"PUEBLO, CO",GSE,S,0155000,0453100,0580150,0701250,0871450,CO,101,COLORADO,PUEBLO,20171201,20171231,0155000,2017
99999,00000,NON-METRO,GSE,S,0193000,0453100,0580150,0701250,0871450,CO,103,COLORADO,RIO BLANCO,20171201,20171231,0193000,2017
99999,00000,NON-METRO,GSE,S,0135000,0453100,0580150,0701250,0871450,CO,105,COLORADO,RIO GRANDE,20171201,20171231,0144000,2008
44460,00000,"STEAMBOAT SPRINGS, CO",GSE,H,0490000,0625500,0800775,0967950,1202925,CO,107,COLORADO,ROUTT,20171201,20140101,0552000,2008
99999,00000,NON-METRO,GSE,S,0130000,0453100,0580150,0701250,0871450,CO,109,COLORADO,SAGUACHE,20171201,20171231,0145000,2009
99999,00000,NON-METRO,GSE,S,0226000,0453100,0580150,0701250,0871450,CO,111,COLORADO,SAN JUAN,20171201,20171231,0233000,2014
99999,00000,NON-METRO,GSE,H,0485000,0625500,0800775,0967950,1202925,CO,113,COLORADO,SAN MIGUEL,20171201,20111001,0909000,2012
99999,00000,NON-METRO,GSE,S,0070000,0453100,0580150,0701250,0871450,CO,115,COLORADO,SEDGWICK,20171201,20171231,0100000,2009
14720,00000,"BRECKENRIDGE, CO",GSE,H,0425000,0625500,0800775,0967950,1202925,CO,117,COLORADO,SUMMIT,20171201,20140101,0628000,2008
17820,00000,"COLORADO SPRINGS, CO",GSE,S,0265000,0453100,0580150,0701250,0871450,CO,119,COLORADO,TELLER,20171201,20171231,0265000,2017
99999,00000,NON-METRO,GSE,S,0126000,0453100,0580150,0701250,0871450,CO,121,COLORADO,WASHINGTON,20171201,20171231,0127000,2016
24540,00000,"GREELEY, CO",GSE,S,0312000,0453100,0580150,0701250,0871450,CO,123,COLORADO,WELD,20171201,20171231,0312000,2017
99999,00000,NON-METRO,GSE,S,0113000,0453100,0580150,0701250,0871450,CO,125,COLORADO,YUMA,20171201,20171231,0123000,2015
14860,00000,"BRIDGEPORT-STAMFORD-NORWALK, CT",GSE,H,0467000,0601450,0769950,0930700,1156650,CT,001,CONNECTICUT,FAIRFIELD,20171201,20120101,0523000,2011
25540,00000,"HARTFORD-WEST HARTFORD-EAST HARTFORD, C",GSE,S,0274000,0453100,0580150,0701250,0871450,CT,003,CONNECTICUT,HARTFORD,20171201,20171231,0307000,2009
45860,00000,"TORRINGTON, CT",GSE,S,0240000,0453100,0580150,0701250,0871450,CT,005,CONNECTICUT,LITCHFIELD,20171201,20171231,0311000,2008
25540,00000,"HARTFORD-WEST HARTFORD-EAST HARTFORD, C",GSE,S,0274000,0453100,0580150,0701250,0871450,CT,007,CONNECTICUT,MIDDLESEX,20171201,20171231,0307000,2009
35300,00000,"NEW HAVEN-MILFORD, CT",GSE,S,0243000,0453100,0580150,0701250,0871450,CT,009,CONNECTICUT,NEW HAVEN,20171201,20171231,0266000,2008
35980,00000,"NORWICH-NEW LONDON, CT",GSE,S,0232000,0453100,0580150,0701250,0871450,CT,011,CONNECTICUT,NEW LONDON,20171201,20171231,0244000,2008
25540,00000,"HARTFORD-WEST HARTFORD-EAST HARTFORD, C",GSE,S,0274000,0453100,0580150,0701250,0871450,CT,013,CONNECTICUT,TOLLAND,20171201,20171231,0307000,2009
49340,00000,"WORCESTER, MA-CT",GSE,S,0273000,0453100,0580150,0701250,0871450,CT,015,CONNECTICUT,WINDHAM,20171201,20171231,0273000,2017
47900,47894,"WASHINGTON-ARLINGTON-ALEXANDRIA, DC-VA-",GSE,H,0756000,0679650,0870225,1051875,1307175,DC,001,DISTRICT OF COLUMBIA,DISTRICT OF COL,20171201,20171231,0780000,2016
20100,00000,"DOVER, DE",GSE,S,0220000,0453100,0580150,0701250,0871450,DE,001,DELAWARE,KENT,20171201,20171231,0220000,2008
37980,48864,"PHILADELPHIA-CAMDEN-WILMINGTON, PA-NJ-D",GSE,S,0335000,0453100,0580150,0701250,0871450,DE,003,DELAWARE,NEW CASTLE,20171201,20171231,0335000,2017
41540,00000,"SALISBURY, MD-DE",GSE,S,0270000,0453100,0580150,0701250,0871450,DE,005,DELAWARE,SUSSEX,20171201,20171231,0275000,2008
23540,00000,"GAINESVILLE, FL",GSE,S,0176000,0453100,0580150,0701250,0871450,FL,001,FLORIDA,ALACHUA,20171201,20171231,0193000,2008
27260,00000,"JACKSONVILLE, FL",GSE,S,0299000,0453100,0580150,0701250,0871450,FL,003,FLORIDA,BAKER,20171201,20171231,0299000,2017
37460,00000,"PANAMA CITY, FL",GSE,S,0173000,0453100,0580150,0701250,0871450,FL,005,FLORIDA,BAY,20171201,20171231,0207000,2008
99999,00000,NON-METRO,GSE,S,0089000,0453100,0580150,0701250,0871450,FL,007,FLORIDA,BRADFORD,20171201,20171231,0101000,2008
37340,00000,"PALM BAY-MELBOURNE-TITUSVILLE, FL",GSE,S,0178000,0453100,0580150,0701250,0871450,FL,009,FLORIDA,BREVARD,20171201,20171231,0178000,2017
33100,22744,"MIAMI-FORT LAUDERDALE-WEST PALM BEACH,",GSE,S,0295000,0453100,0580150,0701250,0871450,FL,011,FLORIDA,BROWARD,20171201,20171231,0300000,2008
99999,00000,NON-METRO,GSE,S,0050000,0453100,0580150,0701250,0871450,FL,013,FLORIDA,CALHOUN,20171201,20171231,0079000,2009
39460,00000,"PUNTA GORDA, FL",GSE,S,0172000,0453100,0580150,0701250,0871450,FL,015,FLORIDA,CHARLOTTE,20171201,20171231,0172000,2017
26140,00000,"HOMOSASSA SPRINGS, FL",GSE,S,0110000,0453100,0580150,0701250,0871450,FL,017,FLORIDA,CITRUS,20171201,20171231,0135000,2008
27260,00000,"JACKSONVILLE, FL",GSE,S,0299000,0453100,0580150,0701250,0871450,FL,019,FLORIDA,CLAY,20171201,20171231,0299000,2017
34940,00000,"NAPLES-IMMOKALEE-MARCO ISLAND, FL",GSE,S,0385000,0453100,0580150,0701250,0871450,FL,021,FLORIDA,COLLIER,20171201,20171231,0392000,2016
29380,00000,"LAKE CITY, FL",GSE,S,0084000,0453100,0580150,0701250,0871450,FL,023,FLORIDA,COLUMBIA,20171201,20171231,0125000,2009
11580,00000,"ARCADIA, FL",GSE,S,0087000,0453100,0580150,0701250,0871450,FL,027,FLORIDA,DESOTO,20171201,20171231,0110000,2008
99999,00000,NON-METRO,GSE,S,0050000,0453100,0580150,0701250,0871450,FL,029,FLORIDA,DIXIE,20171201,20171231,0093000,2008
27260,00000,"JACKSONVILLE, FL",GSE,S,0299000,0453100,0580150,0701250,0871450,FL,031,FLORIDA,DUVAL,20171201,20171231,0299000,2017
37860,00000,"PENSACOLA-FERRY PASS-BRENT, FL",GSE,S,0189000,0453100,0580150,0701250,0871450,FL,033,FLORIDA,ESCAMBIA,20171201,20171231,0189000,2017
19660,00000,"DELTONA-DAYTONA BEACH-ORMOND BEACH, FL",GSE,S,0194000,0453100,0580150,0701250,0871450,FL,035,FLORIDA,FLAGLER,20171201,20171231,0194000,2017
99999,00000,NON-METRO,GSE,S,0135000,0453100,0580150,0701250,0871450,FL,037,FLORIDA,FRANKLIN,20171201,20171231,0213000,2009
45220,00000,"TALLAHASSEE, FL",GSE,S,0170000,0453100,0580150,0701250,0871450,FL,039,FLORIDA,GADSDEN,20171201,20171231,0180000,2008
23540,00000,"GAINESVILLE, FL",GSE,S,0176000,0453100,0580150,0701250,0871450,FL,041,FLORIDA,GILCHRIST,20171201,20171231,0193000,2008
99999,00000,NON-METRO,GSE,S,0060000,0453100,0580150,0701250,0871450,FL,043,FLORIDA,GLADES,20171201,20171231,0086000,2009
37460,00000,"PANAMA CITY, FL",GSE,S,0173000,0453100,0580150,0701250,0871450,FL,045,FLORIDA,GULF,20171201,20171231,0207000,2008
99999,00000,NON-METRO,GSE,S,0043000,0453100,0580150,0701250,0871450,FL,047,FLORIDA,HAMILTON,20171201,20171231,0070000,2009
48100,00000,"WAUCHULA, FL",GSE,S,0054000,0453100,0580150,0701250,0871450,FL,049,FLORIDA,HARDEE,20171201,20171231,0087000,2008
17500,00000,"CLEWISTON, FL",GSE,S,0074000,0453100,0580150,0701250,0871450,FL,051,FLORIDA,HENDRY,20171201,20171231,0120000,2008
45300,00000,"TAMPA-ST. PETERSBURG-CLEARWATER, FL",GSE,S,0210000,0453100,0580150,0701250,0871450,FL,053,FLORIDA,HERNANDO,20171201,20171231,0210000,2017
42700,00000,"SEBRING, FL",GSE,S,0105000,0453100,0580150,0701250,0871450,FL,055,FLORIDA,HIGHLANDS,20171201,20171231,0129000,2008
45300,00000,"TAMPA-ST. PETERSBURG-CLEARWATER, FL",GSE,S,0210000,0453100,0580150,0701250,0871450,FL,057,FLORIDA,HILLSBOROUGH,20171201,20171231,0210000,2017
99999,00000,NON-METRO,GSE,S,0052000,0453100,0580150,0701250,0871450,FL,059,FLORIDA,HOLMES,20171201,20171231,0093000,2008
42680,00000,"SEBASTIAN-VERO BEACH, FL",GSE,S,0215000,0453100,0580150,0701250,0871450,FL,061,FLORIDA,INDIAN RIVER,20171201,20171231,0215000,2017
99999,00000,NON-METRO,GSE,S,0076000,0453100,0580150,0701250,0871450,FL,063,FLORIDA,JACKSON,20171201,20171231,0110000,2008
45220,00000,"TALLAHASSEE, FL",GSE,S,0170000,0453100,0580150,0701250,0871450,FL,065,FLORIDA,JEFFERSON,20171201,20171231,0180000,2008
99999,00000,NON-METRO,GSE,S,0063000,0453100,0580150,0701250,0871450,FL,067,FLORIDA,LAFAYETTE,20171201,20171231,0097000,2009
36740,00000,"ORLANDO-KISSIMMEE-SANFORD, FL",GSE,S,0253000,0453100,0580150,0701250,0871450,FL,069,FLORIDA,LAKE,20171201,20171231,0253000,2017
15980,00000,"CAPE CORAL-FORT MYERS, FL",GSE,S,0217000,0453100,0580150,0701250,0871450,FL,071,FLORIDA,LEE,20171201,20171231,0217000,2017
45220,00000,"TALLAHASSEE, FL",GSE,S,0170000,0453100,0580150,0701250,0871450,FL,073,FLORIDA,LEON,20171201,20171231,0180000,2008
99999,00000,NON-METRO,GSE,S,0068000,0453100,0580150,0701250,0871450,FL,075,FLORIDA,LEVY,20171201,20171231,0090000,2008
99999,00000,NON-METRO,GSE,S,0050000,0453100,0580150,0701250,0871450,FL,077,FLORIDA,LIBERTY,20171201,20171231,0100000,2008
99999,00000,NON-METRO,GSE,S,0039000,0453100,0580150,0701250,0871450,FL,079,FLORIDA,MADISON,20171201,20171231,0095000,2009
35840,00000,"NORTH PORT-SARASOTA-BRADENTON, FL",GSE,S,0260000,0453100,0580150,0701250,0871450,FL,081,FLORIDA,MANATEE,20171201,20171231,0260000,2017
36100,00000,"OCALA, FL",GSE,S,0128000,0453100,0580150,0701250,0871450,FL,083,FLORIDA,MARION,20171201,20171231,0151000,2008
38940,00000,"PORT ST. LUCIE, FL",GSE,S,0275000,0453100,0580150,0701250,0871450,FL,085,FLORIDA,MARTIN,20171201,20171231,0275000,2008
33100,33124,"MIAMI-FORT LAUDERDALE-WEST PALM BEACH,",GSE,S,0295000,0453100,0580150,0701250,0871450,FL,086,FLORIDA,MIAMI-DADE,20171201,20171231,0300000,2008
28580,00000,"KEY WEST, FL",GSE,H,0445000,0529000,0677200,0818600,1017300,FL,087,FLORIDA,MONROE,20171201,20111001,0460000,2008
27260,00000,"JACKSONVILLE, FL",GSE,S,0299000,0453100,0580150,0701250,0871450,FL,089,FLORIDA,NASSAU,20171201,20171231,0299000,2017
18880,00000,"CRESTVIEW-FORT WALTON BEACH-DESTIN, FL",GSE,S,0309000,0453100,0580150,0701250,0871450,FL,091,FLORIDA,OKALOOSA,20171201,20171231,0309000,2017
36380,00000,"OKEECHOBEE, FL",GSE,S,0070000,0453100,0580150,0701250,0871450,FL,093,FLORIDA,OKEECHOBEE,20171201,20171231,0110000,2008
36740,00000,"ORLANDO-KISSIMMEE-SANFORD, FL",GSE,S,0253000,0453100,0580150,0701250,0871450,FL,095,FLORIDA,ORANGE,20171201,20171231,0253000,2017
36740,00000,"ORLANDO-KISSIMMEE-SANFORD, FL",GSE,S,0253000,0453100,0580150,0701250,0871450,FL,097,FLORIDA,OSCEOLA,20171201,20171231,0253000,2017
33100,48424,"MIAMI-FORT LAUDERDALE-WEST PALM BEACH,",GSE,S,0295000,0453100,0580150,0701250,0871450,FL,099,FLORIDA,PALM BEACH,20171201,20171231,0300000,2008
45300,00000,"TAMPA-ST. PETERSBURG-CLEARWATER, FL",GSE,S,0210000,0453100,0580150,0701250,0871450,FL,101,FLORIDA,PASCO,20171201,20171231,0210000,2017
45300,00000,"TAMPA-ST. PETERSBURG-CLEARWATER, FL",GSE,S,0210000,0453100,0580150,0701250,0871450,FL,103,FLORIDA,PINELLAS,20171201,20171231,0210000,2017
29460,00000,"LAKELAND-WINTER HAVEN, FL",GSE,S,0159000,0453100,0580150,0701250,0871450,FL,105,FLORIDA,POLK,20171201,20171231,0165000,2008
37260,00000,"PALATKA, FL",GSE,S,0055000,0453100,0580150,0701250,0871450,FL,107,FLORIDA,PUTNAM,20171201,20171231,0096000,2008
27260,00000,"JACKSONVILLE, FL",GSE,S,0299000,0453100,0580150,0701250,0871450,FL,109,FLORIDA,ST. JOHNS,20171201,20171231,0299000,2017
38940,00000,"PORT ST. LUCIE, FL",GSE,S,0275000,0453100,0580150,0701250,0871450,FL,111,FLORIDA,ST. LUCIE,20171201,20171231,0275000,2008
37860,00000,"PENSACOLA-FERRY PASS-BRENT, FL",GSE,S,0189000,0453100,0580150,0701250,0871450,FL,113,FLORIDA,SANTA ROSA,20171201,20171231,0189000,2017
35840,00000,"NORTH PORT-SARASOTA-BRADENTON, FL",GSE,S,0260000,0453100,0580150,0701250,0871450,FL,115,FLORIDA,SARASOTA,20171201,20171231,0260000,2017
36740,00000,"ORLANDO-KISSIMMEE-SANFORD, FL",GSE,S,0253000,0453100,0580150,0701250,0871450,FL,117,FLORIDA,SEMINOLE,20171201,20171231,0253000,2017
45540,00000,"THE VILLAGES, FL",GSE,S,0235000,0453100,0580150,0701250,0871450,FL,119,FLORIDA,SUMTER,20171201,20171231,0250000,2015
99999,00000,NON-METRO,GSE,S,0061000,0453100,0580150,0701250,0871450,FL,121,FLORIDA,SUWANNEE,20171201,20171231,0116000,2008
99999,00000,NON-METRO,GSE,S,0065000,0453100,0580150,0701250,0871450,FL,123,FLORIDA,TAYLOR,20171201,20171231,0083000,2009
99999,00000,NON-METRO,GSE,S,0072000,0453100,0580150,0701250,0871450,FL,125,FLORIDA,UNION,20171201,20171231,0130000,2009
19660,00000,"DELTONA-DAYTONA BEACH-ORMOND BEACH, FL",GSE,S,0194000,0453100,0580150,0701250,0871450,FL,127,FLORIDA,VOLUSIA,20171201,20171231,0194000,2017
45220,00000,"TALLAHASSEE, FL",GSE,S,0170000,0453100,0580150,0701250,0871450,FL,129,FLORIDA,WAKULLA,20171201,20171231,0180000,2008
18880,00000,"CRESTVIEW-FORT WALTON BEACH-DESTIN, FL",GSE,S,0309000,0453100,0580150,0701250,0871450,FL,131,FLORIDA,WALTON,20171201,20171231,0309000,2017
99999,00000,NON-METRO,GSE,S,0072000,0453100,0580150,0701250,0871450,FL,133,FLORIDA,WASHINGTON,20171201,20171231,0105000,2008
99999,00000,NON-METRO,GSE,S,0045000,0453100,0580150,0701250,0871450,GA,001,GEORGIA,APPLING,20171201,20171231,0123000,2009
99999,00000,NON-METRO,GSE,S,0022000,0453100,0580150,0701250,0871450,GA,003,GEORGIA,ATKINSON,20171201,20171231,0125000,2008
99999,00000,NON-METRO,GSE,S,0045000,0453100,0580150,0701250,0871450,GA,005,GEORGIA,BACON,20171201,20171231,0081000,2008
10500,00000,"ALBANY, GA",GSE,S,0145000,0453100,0580150,0701250,0871450,GA,007,GEORGIA,BAKER,20171201,20171231,0191000,2008
33300,00000,"MILLEDGEVILLE, GA",GSE,S,0135000,0453100,0580150,0701250,0871450,GA,009,GEORGIA,BALDWIN,20171201,20171231,0166000,2008
99999,00000,NON-METRO,GSE,S,0145000,0453100,0580150,0701250,0871450,GA,011,GEORGIA,BANKS,20171201,20171231,0145000,2017
12060,00000,"ATLANTA-SANDY SPRINGS-ROSWELL, GA",GSE,S,0313000,0453100,0580150,0701250,0871450,GA,013,GEORGIA,BARROW,20171201,20171231,0313000,2017
12060,00000,"ATLANTA-SANDY SPRINGS-ROSWELL, GA",GSE,S,0313000,0453100,0580150,0701250,0871450,GA,015,GEORGIA,BARTOW,20171201,20171231,0313000,2017
22340,00000,"FITZGERALD, GA",GSE,S,0045000,0453100,0580150,0701250,0871450,GA,017,GEORGIA,BEN HILL,20171201,20171231,0101000,2008
99999,00000,NON-METRO,GSE,S,0050000,0453100,0580150,0701250,0871450,GA,019,GEORGIA,BERRIEN,20171201,20171231,0126000,2008
31420,00000,"MACON, GA",GSE,S,0130000,0453100,0580150,0701250,0871450,GA,021,GEORGIA,BIBB,20171201,20171231,0178000,2010
99999,00000,NON-METRO,GSE,S,0061000,0453100,0580150,0701250,0871450,GA,023,GEORGIA,BLECKLEY,20171201,20171231,0121000,2008
15260,00000,"BRUNSWICK, GA",GSE,S,0210000,0453100,0580150,0701250,0871450,GA,025,GEORGIA,BRANTLEY,20171201,20171231,0210000,2017
46660,00000,"VALDOSTA, GA",GSE,S,0134000,0453100,0580150,0701250,0871450,GA,027,GEORGIA,BROOKS,20171201,20171231,0159000,2008
42340,00000,"SAVANNAH, GA",GSE,S,0225000,0453100,0580150,0701250,0871450,GA,029,GEORGIA,BRYAN,20171201,20171231,0228000,2016
44340,00000,"STATESBORO, GA",GSE,S,0133000,0453100,0580150,0701250,0871450,GA,031,GEORGIA,BULLOCH,20171201,20171231,0140000,2008
12260,00000,"AUGUSTA-RICHMOND COUNTY, GA-SC",GSE,S,0184000,0453100,0580150,0701250,0871450,GA,033,GEORGIA,BURKE,20171201,20171231,0185000,2015
12060,00000,"ATLANTA-SANDY SPRINGS-ROSWELL, GA",GSE,S,0313000,0453100,0580150,0701250,0871450,GA,035,GEORGIA,BUTTS,20171201,20171231,0313000,2017
99999,00000,NON-METRO,GSE,S,0034000,0453100,0580150,0701250,0871450,GA,037,GEORGIA,CALHOUN,20171201,20171231,0078000,2009
41220,00000,"ST. MARYS, GA",GSE,S,0149000,0453100,0580150,0701250,0871450,GA,039,GEORGIA,CAMDEN,20171201,20171231,0149000,2009
99999,00000,NON-METRO,GSE,S,0065000,0453100,0580150,0701250,0871450,GA,043,GEORGIA,CANDLER,20171201,20171231,0090000,2008
12060,00000,"ATLANTA-SANDY SPRINGS-ROSWELL, GA",GSE,S,0313000,0453100,0580150,0701250,0871450,GA,045,GEORGIA,CARROLL,20171201,20171231,0313000,2017
16860,00000,"CHATTANOOGA, TN-GA",GSE,S,0175000,0453100,0580150,0701250,0871450,GA,047,GEORGIA,CATOOSA,20171201,20171231,0175000,2017
99999,00000,NON-METRO,GSE,S,0078000,0453100,0580150,0701250,0871450,GA,049,GEORGIA,CHARLTON,20171201,20171231,0113000,2008
42340,00000,"SAVANNAH, GA",GSE,S,0225000,0453100,0580150,0701250,0871450,GA,051,GEORGIA,CHATHAM,20171201,20171231,0228000,2016
17980,00000,"COLUMBUS, GA-AL",GSE,S,0189000,0453100,0580150,0701250,0871450,GA,053,GEORGIA,CHATTAHOOCHEE,20171201,20171231,0252000,2009
44900,00000,"SUMMERVILLE, GA",GSE,S,0054000,0453100,0580150,0701250,0871450,GA,055,GEORGIA,CHATTOOGA,20171201,20171231,0124000,2009
12060,00000,"ATLANTA-SANDY SPRINGS-ROSWELL, GA",GSE,S,0313000,0453100,0580150,0701250,0871450,GA,057,GEORGIA,CHEROKEE,20171201,20171231,0313000,2017
12020,00000,"ATHENS-CLARKE COUNTY, GA",GSE,S,0276000,0453100,0580150,0701250,0871450,GA,059,GEORGIA,CLARKE,20171201,20171231,0279000,2009
99999,00000,NON-METRO,GSE,S,0072000,0453100,0580150,0701250,0871450,GA,061,GEORGIA,CLAY,20171201,20171231,0112000,2008
12060,00000,"ATLANTA-SANDY SPRINGS-ROSWELL, GA",GSE,S,0313000,0453100,0580150,0701250,0871450,GA,063,GEORGIA,CLAYTON,20171201,20171231,0313000,2017
99999,00000,NON-METRO,GSE,S,0049000,0453100,0580150,0701250,0871450,GA,065,GEORGIA,CLINCH,20171201,20171231,0122000,2008
12060,00000,"ATLANTA-SANDY SPRINGS-ROSWELL, GA",GSE,S,0313000,0453100,0580150,0701250,0871450,GA,067,GEORGIA,COBB,20171201,20171231,0313000,2017
20060,00000,"DOUGLAS, GA",GSE,S,0080000,0453100,0580150,0701250,0871450,GA,069,GEORGIA,COFFEE,20171201,20171231,0125000,2008
34220,00000,"MOULTRIE, GA",GSE,S,0065000,0453100,0580150,0701250,0871450,GA,071,GEORGIA,COLQUITT,20171201,20171231,0109000,2008
12260,00000,"AUGUSTA-RICHMOND COUNTY, GA-SC",GSE,S,0184000,0453100,0580150,0701250,0871450,GA,073,GEORGIA,COLUMBIA,20171201,20171231,0185000,2015
99999,00000,NON-METRO,GSE,S,0058000,0453100,0580150,0701250,0871450,GA,075,GEORGIA,COOK,20171201,20171231,0087000,2008
12060,00000,"ATLANTA-SANDY SPRINGS-ROSWELL, GA",GSE,S,0313000,0453100,0580150,0701250,0871450,GA,077,GEORGIA,COWETA,20171201,20171231,0313000,2017
31420,00000,"MACON, GA",GSE,S,0130000,0453100,0580150,0701250,0871450,GA,079,GEORGIA,CRAWFORD,20171201,20171231,0178000,2010
18380,00000,"CORDELE, GA",GSE,S,0100000,0453100,0580150,0701250,0871450,GA,081,GEORGIA,CRISP,20171201,20171231,0119000,2010
16860,00000,"CHATTANOOGA, TN-GA",GSE,S,0175000,0453100,0580150,0701250,0871450,GA,083,GEORGIA,DADE,20171201,20171231,0175000,2017
12060,00000,"ATLANTA-SANDY SPRINGS-ROSWELL, GA",GSE,S,0313000,0453100,0580150,0701250,0871450,GA,085,GEORGIA,DAWSON,20171201,20171231,0313000,2017
12460,00000,"BAINBRIDGE, GA",GSE,S,0082000,0453100,0580150,0701250,0871450,GA,087,GEORGIA,DECATUR,20171201,20171231,0131000,2008
12060,00000,"ATLANTA-SANDY SPRINGS-ROSWELL, GA",GSE,S,0313000,0453100,0580150,0701250,0871450,GA,089,GEORGIA,DEKALB,20171201,20171231,0313000,2017
99999,00000,NON-METRO,GSE,S,0060000,0453100,0580150,0701250,0871450,GA,091,GEORGIA,DODGE,20171201,20171231,0090000,2008
99999,00000,NON-METRO,GSE,S,0038000,0453100,0580150,0701250,0871450,GA,093,GEORGIA,DOOLY,20171201,20171231,0089000,2008
10500,00000,"ALBANY, GA",GSE,S,0145000,0453100,0580150,0701250,0871450,GA,095,GEORGIA,DOUGHERTY,20171201,20171231,0191000,2008
12060,00000,"ATLANTA-SANDY SPRINGS-ROSWELL, GA",GSE,S,0313000,0453100,0580150,0701250,0871450,GA,097,GEORGIA,DOUGLAS,20171201,20171231,0313000,2017
99999,00000,NON-METRO,GSE,S,0056000,0453100,0580150,0701250,0871450,GA,099,GEORGIA,EARLY,20171201,20171231,0099000,2008
46660,00000,"VALDOSTA, GA",GSE,S,0134000,0453100,0580150,0701250,0871450,GA,101,GEORGIA,ECHOLS,20171201,20171231,0159000,2008
42340,00000,"SAVANNAH, GA",GSE,S,0225000,0453100,0580150,0701250,0871450,GA,103,GEORGIA,EFFINGHAM,20171201,20171231,0228000,2016
99999,00000,NON-METRO,GSE,S,0060000,0453100,0580150,0701250,0871450,GA,105,GEORGIA,ELBERT,20171201,20171231,0103000,2008
99999,00000,NON-METRO,GSE,S,0042000,0453100,0580150,0701250,0871450,GA,107,GEORGIA,EMANUEL,20171201,20171231,0089000,2008
99999,00000,NON-METRO,GSE,S,0068000,0453100,0580150,0701250,0871450,GA,109,GEORGIA,EVANS,20171201,20171231,0122000,2008
99999,00000,NON-METRO,GSE,S,0170000,0453100,0580150,0701250,0871450,GA,111,GEORGIA,FANNIN,20171201,20171231,0214000,2009
12060,00000,"ATLANTA-SANDY SPRINGS-ROSWELL, GA",GSE,S,0313000,0453100,0580150,0701250,0871450,GA,113,GEORGIA,FAYETTE,20171201,20171231,0313000,2017
40660,00000,"ROME, GA",GSE,S,0108000,0453100,0580150,0701250,0871450,GA,115,GEORGIA,FLOYD,20171201,20171231,0138000,2009
12060,00000,"ATLANTA-SANDY SPRINGS-ROSWELL, GA",GSE,S,0313000,0453100,0580150,0701250,0871450,GA,117,GEORGIA,FORSYTH,20171201,20171231,0313000,2017
99999,00000,NON-METRO,GSE,S,0082000,0453100,0580150,0701250,0871450,GA,119,GEORGIA,FRANKLIN,20171201,20171231,0120000,2009
12060,00000,"ATLANTA-SANDY SPRINGS-ROSWELL, GA",GSE,S,0313000,0453100,0580150,0701250,0871450,GA,121,GEORGIA,FULTON,20171201,20171231,0313000,2017
99999,00000,NON-METRO,GSE,S,0136000,0453100,0580150,0701250,0871450,GA,123,GEORGIA,GILMER,20171201,20171231,0176000,2008
99999,00000,NON-METRO,GSE,S,0053000,0453100,0580150,0701250,0871450,GA,125,GEORGIA,GLASCOCK,20171201,20171231,0070000,2008
15260,00000,"BRUNSWICK, GA",GSE,S,0210000,0453100,0580150,0701250,0871450,GA,127,GEORGIA,GLYNN,20171201,20171231,0210000,2017
15660,00000,"CALHOUN, GA",GSE,S,0115000,0453100,0580150,0701250,0871450,GA,129,GEORGIA,GORDON,20171201,20171231,0128000,2008
99999,00000,NON-METRO,GSE,S,0093000,0453100,0580150,0701250,0871450,GA,131,GEORGIA,GRADY,20171201,20171231,0122000,2008
99999,00000,NON-METRO,GSE,H,0280000,0515200,0659550,0797250,0990800,GA,133,GEORGIA,GREENE,20171201,20111001,0448000,2008
12060,00000,"ATLANTA-SANDY SPRINGS-ROSWELL, GA",GSE,S,0313000,0453100,0580150,0701250,0871450,GA,135,GEORGIA,GWINNETT,20171201,20171231,0313000,2017
18460,00000,"CORNELIA, GA",GSE,S,0125000,0453100,0580150,0701250,0871450,GA,137,GEORGIA,HABERSHAM,20171201,20171231,0132000,2008
23580,00000,"GAINESVILLE, GA",GSE,S,0185000,0453100,0580150,0701250,0871450,GA,139,GEORGIA,HALL,20171201,20171231,0235000,2009
33300,00000,"MILLEDGEVILLE, GA",GSE,S,0135000,0453100,0580150,0701250,0871450,GA,141,GEORGIA,HANCOCK,20171201,20171231,0166000,2008
12060,00000,"ATLANTA-SANDY SPRINGS-ROSWELL, GA",GSE,S,0313000,0453100,0580150,0701250,0871450,GA,143,GEORGIA,HARALSON,20171201,20171231,0313000,2017
17980,00000,"COLUMBUS, GA-AL",GSE,S,0189000,0453100,0580150,0701250,0871450,GA,145,GEORGIA,HARRIS,20171201,20171231,0252000,2009
99999,00000,NON-METRO,GSE,S,0102000,0453100,0580150,0701250,0871450,GA,147,GEORGIA,HART,20171201,20171231,0162000,2008
12060,00000,"ATLANTA-SANDY SPRINGS-ROSWELL, GA",GSE,S,0313000,0453100,0580150,0701250,0871450,GA,149,GEORGIA,HEARD,20171201,20171231,0313000,2017
12060,00000,"ATLANTA-SANDY SPRINGS-ROSWELL, GA",GSE,S,0313000,0453100,0580150,0701250,0871450,GA,151,GEORGIA,HENRY,20171201,20171231,0313000,2017
47580,00000,"WARNER ROBINS, GA",GSE,S,0137000,0453100,0580150,0701250,0871450,GA,153,GEORGIA,HOUSTON,20171201,20171231,0180000,2008
99999,00000,NON-METRO,GSE,S,0059000,0453100,0580150,0701250,0871450,GA,155,GEORGIA,IRWIN,20171201,20171231,0101000,2008
27600,00000,"JEFFERSON, GA",GSE,S,0178000,0453100,0580150,0701250,0871450,GA,157,GEORGIA,JACKSON,20171201,20171231,0178000,2017
12060,00000,"ATLANTA-SANDY SPRINGS-ROSWELL, GA",GSE,S,0313000,0453100,0580150,0701250,0871450,GA,159,GEORGIA,JASPER,20171201,20171231,0313000,2017
99999,00000,NON-METRO,GSE,S,0061000,0453100,0580150,0701250,0871450,GA,161,GEORGIA,JEFF DAVIS,20171201,20171231,0110000,2008
99999,00000,NON-METRO,GSE,S,0030000,0453100,0580150,0701250,0871450,GA,163,GEORGIA,JEFFERSON,20171201,20171231,0085000,2009
99999,00000,NON-METRO,GSE,S,0040000,0453100,0580150,0701250,0871450,GA,165,GEORGIA,JENKINS,20171201,20171231,0071000,2008
20140,00000,"DUBLIN, GA",GSE,S,0078000,0453100,0580150,0701250,0871450,GA,167,GEORGIA,JOHNSON,20171201,20171231,0134000,2008
31420,00000,"MACON, GA",GSE,S,0130000,0453100,0580150,0701250,0871450,GA,169,GEORGIA,JONES,20171201,20171231,0178000,2010
12060,00000,"ATLANTA-SANDY SPRINGS-ROSWELL, GA",GSE,S,0313000,0453100,0580150,0701250,0871450,GA,171,GEORGIA,LAMAR,20171201,20171231,0313000,2017
46660,00000,"VALDOSTA, GA",GSE,S,0134000,0453100,0580150,0701250,0871450,GA,173,GEORGIA,LANIER,20171201,20171231,0159000,2008
20140,00000,"DUBLIN, GA",GSE,S,0078000,0453100,0580150,0701250,0871450,GA,175,GEORGIA,LAURENS,20171201,20171231,0134000,2008
10500,00000,"ALBANY, GA",GSE,S,0145000,0453100,0580150,0701250,0871450,GA,177,GEORGIA,LEE,20171201,20171231,0191000,2008
25980,00000,"HINESVILLE, GA",GSE,S,0148000,0453100,0580150,0701250,0871450,GA,179,GEORGIA,LIBERTY,20171201,20171231,0151000,2016
12260,00000,"AUGUSTA-RICHMOND COUNTY, GA-SC",GSE,S,0184000,0453100,0580150,0701250,0871450,GA,181,GEORGIA,LINCOLN,20171201,20171231,0185000,2015
25980,00000,"HINESVILLE, GA",GSE,S,0148000,0453100,0580150,0701250,0871450,GA,183,GEORGIA,LONG,20171201,20171231,0151000,2016
46660,00000,"VALDOSTA, GA",GSE,S,0134000,0453100,0580150,0701250,0871450,GA,185,GEORGIA,LOWNDES,20171201,20171231,0159000,2008
99999,00000,NON-METRO,GSE,S,0142000,0453100,0580150,0701250,0871450,GA,187,GEORGIA,LUMPKIN,20171201,20171231,0165000,2008
12260,00000,"AUGUSTA-RICHMOND COUNTY, GA-SC",GSE,S,0184000,0453100,0580150,0701250,0871450,GA,189,GEORGIA,MCDUFFIE,20171201,20171231,0185000,2015
15260,00000,"BRUNSWICK, GA",GSE,S,0210000,0453100,0580150,0701250,0871450,GA,191,GEORGIA,MCINTOSH,20171201,20171231,0210000,2017
99999,00000,NON-METRO,GSE,S,0035000,0453100,0580150,0701250,0871450,GA,193,GEORGIA,MACON,20171201,20171231,0100000,2008
12020,00000,"ATHENS-CLARKE COUNTY, GA",GSE,S,0276000,0453100,0580150,0701250,0871450,GA,195,GEORGIA,MADISON,20171201,20171231,0279000,2009
17980,00000,"COLUMBUS, GA-AL",GSE,S,0189000,0453100,0580150,0701250,0871450,GA,197,GEORGIA,MARION,20171201,20171231,0252000,2009
12060,00000,"ATLANTA-SANDY SPRINGS-ROSWELL, GA",GSE,S,0313000,0453100,0580150,0701250,0871450,GA,199,GEORGIA,MERIWETHER,20171201,20171231,0313000,2017
99999,00000,NON-METRO,GSE,S,0054000,0453100,0580150,0701250,0871450,GA,201,GEORGIA,MILLER,20171201,20171231,0118000,2008
99999,00000,NON-METRO,GSE,S,0034000,0453100,0580150,0701250,0871450,GA,205,GEORGIA,MITCHELL,20171201,20171231,0098000,2008
31420,00000,"MACON, GA",GSE,S,0130000,0453100,0580150,0701250,0871450,GA,207,GEORGIA,MONROE,20171201,20171231,0178000,2010
47080,00000,"VIDALIA, GA",GSE,S,0066000,0453100,0580150,0701250,0871450,GA,209,GEORGIA,MONTGOMERY,20171201,20171231,0117000,2008
12060,00000,"ATLANTA-SANDY SPRINGS-ROSWELL, GA",GSE,S,0313000,0453100,0580150,0701250,0871450,GA,211,GEORGIA,MORGAN,20171201,20171231,0313000,2017
19140,00000,"DALTON, GA",GSE,S,0118000,0453100,0580150,0701250,0871450,GA,213,GEORGIA,MURRAY,20171201,20171231,0129000,2009
17980,00000,"COLUMBUS, GA-AL",GSE,S,0189000,0453100,0580150,0701250,0871450,GA,215,GEORGIA,MUSCOGEE,20171201,20171231,0252000,2009
12060,00000,"ATLANTA-SANDY SPRINGS-ROSWELL, GA",GSE,S,0313000,0453100,0580150,0701250,0871450,GA,217,GEORGIA,NEWTON,20171201,20171231,0313000,2017
12020,00000,"ATHENS-CLARKE COUNTY, GA",GSE,S,0276000,0453100,0580150,0701250,0871450,GA,219,GEORGIA,OCONEE,20171201,20171231,0279000,2009
12020,00000,"ATHENS-CLARKE COUNTY, GA",GSE,S,0276000,0453100,0580150,0701250,0871450,GA,221,GEORGIA,OGLETHORPE,20171201,20171231,0279000,2009
12060,00000,"ATLANTA-SANDY SPRINGS-ROSWELL, GA",GSE,S,0313000,0453100,0580150,0701250,0871450,GA,223,GEORGIA,PAULDING,20171201,20171231,0313000,2017
47580,00000,"WARNER ROBINS, GA",GSE,S,0137000,0453100,0580150,0701250,0871450,GA,225,GEORGIA,PEACH,20171201,20171231,0180000,2008
12060,00000,"ATLANTA-SANDY SPRINGS-ROSWELL, GA",GSE,S,0313000,0453100,0580150,0701250,0871450,GA,227,GEORGIA,PICKENS,20171201,20171231,0313000,2017
48180,00000,"WAYCROSS, GA",GSE,S,0074000,0453100,0580150,0701250,0871450,GA,229,GEORGIA,PIERCE,20171201,20171231,0118000,2008
12060,00000,"ATLANTA-SANDY SPRINGS-ROSWELL, GA",GSE,S,0313000,0453100,0580150,0701250,0871450,GA,231,GEORGIA,PIKE,20171201,20171231,0313000,2017
16340,00000,"CEDARTOWN, GA",GSE,S,0094000,0453100,0580150,0701250,0871450,GA,233,GEORGIA,POLK,20171201,20171231,0106000,2008
47580,00000,"WARNER ROBINS, GA",GSE,S,0137000,0453100,0580150,0701250,0871450,GA,235,GEORGIA,PULASKI,20171201,20171231,0180000,2013
99999,00000,NON-METRO,GSE,S,0175000,0453100,0580150,0701250,0871450,GA,237,GEORGIA,PUTNAM,20171201,20171231,0222000,2008
21640,00000,"EUFAULA, AL-GA",GSE,S,0097000,0453100,0580150,0701250,0871450,GA,239,GEORGIA,QUITMAN,20171201,20171231,0126000,2010
99999,00000,NON-METRO,GSE,S,0165000,0453100,0580150,0701250,0871450,GA,241,GEORGIA,RABUN,20171201,20171231,0173000,2009
99999,00000,NON-METRO,GSE,S,0021000,0453100,0580150,0701250,0871450,GA,243,GEORGIA,RANDOLPH,20171201,20171231,0097000,2008
12260,00000,"AUGUSTA-RICHMOND COUNTY, GA-SC",GSE,S,0184000,0453100,0580150,0701250,0871450,GA,245,GEORGIA,RICHMOND,20171201,20171231,0185000,2015
12060,00000,"ATLANTA-SANDY SPRINGS-ROSWELL, GA",GSE,S,0313000,0453100,0580150,0701250,0871450,GA,247,GEORGIA,ROCKDALE,20171201,20171231,0313000,2017
11140,00000,"AMERICUS, GA",GSE,S,0097000,0453100,0580150,0701250,0871450,GA,249,GEORGIA,SCHLEY,20171201,20171231,0105000,2008
99999,00000,NON-METRO,GSE,S,0052000,0453100,0580150,0701250,0871450,GA,251,GEORGIA,SCREVEN,20171201,20171231,0098000,2008
99999,00000,NON-METRO,GSE,S,0060000,0453100,0580150,0701250,0871450,GA,253,GEORGIA,SEMINOLE,20171201,20171231,0109000,2008
12060,00000,"ATLANTA-SANDY SPRINGS-ROSWELL, GA",GSE,S,0313000,0453100,0580150,0701250,0871450,GA,255,GEORGIA,SPALDING,20171201,20171231,0313000,2017
45740,00000,"TOCCOA, GA",GSE,S,0087000,0453100,0580150,0701250,0871450,GA,257,GEORGIA,STEPHENS,20171201,20171231,0093000,2009
99999,00000,NON-METRO,GSE,S,0028000,0453100,0580150,0701250,0871450,GA,259,GEORGIA,STEWART,20171201,20171231,0063000,2008
11140,00000,"AMERICUS, GA",GSE,S,0097000,0453100,0580150,0701250,0871450,GA,261,GEORGIA,SUMTER,20171201,20171231,0105000,2008
99999,00000,NON-METRO,GSE,S,0071000,0453100,0580150,0701250,0871450,GA,263,GEORGIA,TALBOT,20171201,20171231,0123000,2013
99999,00000,NON-METRO,GSE,S,0086000,0453100,0580150,0701250,0871450,GA,265,GEORGIA,TALIAFERRO,20171201,20171231,0110000,2008
99999,00000,NON-METRO,GSE,S,0070000,0453100,0580150,0701250,0871450,GA,267,GEORGIA,TATTNALL,20171201,20171231,0119000,2008
99999,00000,NON-METRO,GSE,S,0030000,0453100,0580150,0701250,0871450,GA,269,GEORGIA,TAYLOR,20171201,20171231,0110000,2008
99999,00000,NON-METRO,GSE,S,0040000,0453100,0580150,0701250,0871450,GA,271,GEORGIA,TELFAIR,20171201,20171231,0083000,2008
10500,00000,"ALBANY, GA",GSE,S,0145000,0453100,0580150,0701250,0871450,GA,273,GEORGIA,TERRELL,20171201,20171231,0191000,2008
45620,00000,"THOMASVILLE, GA",GSE,S,0131000,0453100,0580150,0701250,0871450,GA,275,GEORGIA,THOMAS,20171201,20171231,0137000,2008
45700,00000,"TIFTON, GA",GSE,S,0115000,0453100,0580150,0701250,0871450,GA,277,GEORGIA,TIFT,20171201,20171231,0158000,2008
47080,00000,"VIDALIA, GA",GSE,S,0066000,0453100,0580150,0701250,0871450,GA,279,GEORGIA,TOOMBS,20171201,20171231,0117000,2008
99999,00000,NON-METRO,GSE,S,0147000,0453100,0580150,0701250,0871450,GA,281,GEORGIA,TOWNS,20171201,20171231,0211000,2008
99999,00000,NON-METRO,GSE,S,0048000,0453100,0580150,0701250,0871450,GA,283,GEORGIA,TREUTLEN,20171201,20171231,0087000,2008
29300,00000,"LAGRANGE, GA",GSE,S,0128000,0453100,0580150,0701250,0871450,GA,285,GEORGIA,TROUP,20171201,20171231,0130000,2008
99999,00000,NON-METRO,GSE,S,0050000,0453100,0580150,0701250,0871450,GA,287,GEORGIA,TURNER,20171201,20171231,0085000,2008
31420,00000,"MACON, GA",GSE,S,0130000,0453100,0580150,0701250,0871450,GA,289,GEORGIA,TWIGGS,20171201,20171231,0178000,2010
99999,00000,NON-METRO,GSE,S,0116000,0453100,0580150,0701250,0871450,GA,291,GEORGIA,UNION,20171201,20171231,0165000,2009
45580,00000,"THOMASTON, GA",GSE,S,0055000,0453100,0580150,0701250,0871450,GA,293,GEORGIA,UPSON,20171201,20171231,0116000,2008
16860,00000,"CHATTANOOGA, TN-GA",GSE,S,0175000,0453100,0580150,0701250,0871450,GA,295,GEORGIA,WALKER,20171201,20171231,0175000,2017
12060,00000,"ATLANTA-SANDY SPRINGS-ROSWELL, GA",GSE,S,0313000,0453100,0580150,0701250,0871450,GA,297,GEORGIA,WALTON,20171201,20171231,0313000,2017
48180,00000,"WAYCROSS, GA",GSE,S,0074000,0453100,0580150,0701250,0871450,GA,299,GEORGIA,WARE,20171201,20171231,0118000,2008
99999,00000,NON-METRO,GSE,S,0037000,0453100,0580150,0701250,0871450,GA,301,GEORGIA,WARREN,20171201,20171231,0143000,2008
99999,00000,NON-METRO,GSE,S,0044000,0453100,0580150,0701250,0871450,GA,303,GEORGIA,WASHINGTON,20171201,20171231,0106000,2008
27700,00000,"JESUP, GA",GSE,S,0060000,0453100,0580150,0701250,0871450,GA,305,GEORGIA,WAYNE,20171201,20171231,0141000,2008
99999,00000,NON-METRO,GSE,S,0025000,0453100,0580150,0701250,0871450,GA,307,GEORGIA,WEBSTER,20171201,20171231,0071000,2008
99999,00000,NON-METRO,GSE,S,0049000,0453100,0580150,0701250,0871450,GA,309,GEORGIA,WHEELER,20171201,20171231,0086000,2008
99999,00000,NON-METRO,GSE,S,0130000,0453100,0580150,0701250,0871450,GA,311,GEORGIA,WHITE,20171201,20171231,0159000,2008
19140,00000,"DALTON, GA",GSE,S,0118000,0453100,0580150,0701250,0871450,GA,313,GEORGIA,WHITFIELD,20171201,20171231,0129000,2009
99999,00000,NON-METRO,GSE,S,0028000,0453100,0580150,0701250,0871450,GA,315,GEORGIA,WILCOX,20171201,20171231,0098000,2008
99999,00000,NON-METRO,GSE,S,0061000,0453100,0580150,0701250,0871450,GA,317,GEORGIA,WILKES,20171201,20171231,0101000,2008
99999,00000,NON-METRO,GSE,S,0030000,0453100,0580150,0701250,0871450,GA,319,GEORGIA,WILKINSON,20171201,20171231,0119000,2008
10500,00000,"ALBANY, GA",GSE,S,0145000,0453100,0580150,0701250,0871450,GA,321,GEORGIA,WORTH,20171201,20171231,0191000,2008
99999,00000,NON-METRO,GSE,S,0276000,0679650,0870225,1051875,1307175,GU,010,GUAM,GUAM,20171201,20171231,0490000,2008
25900,00000,"HILO, HI",GSE,S,0315000,0679650,0870225,1051875,1307175,HI,001,HAWAII,HAWAII,20171201,20171231,0320000,2008
46520,00000,"URBAN HONOLULU, HI",GSE,H,0545000,0721050,0923050,1115800,1386650,HI,003,HAWAII,HONOLULU,20171201,20140101,0627000,2008
27980,00000,"KAHULUI-WAILUKU-LAHAINA, HI",GSE,S,0550000,0679650,0870225,1051875,1307175,HI,005,HAWAII,KALAWAO,20171201,20171231,0572000,2010
28180,00000,"KAPAA, HI",GSE,H,0526000,0713000,0912750,1103350,1371150,HI,007,HAWAII,KAUAI,20171201,20111001,0620000,2008
27980,00000,"KAHULUI-WAILUKU-LAHAINA, HI",GSE,S,0550000,0679650,0870225,1051875,1307175,HI,009,HAWAII,MAUI,20171201,20171231,0572000,2008
99999,00000,NON-METRO,GSE,S,0071000,0453100,0580150,0701250,0871450,IA,001,IOWA,ADAIR,20171201,20171231,0074000,2008
99999,00000,NON-METRO,GSE,S,0047000,0453100,0580150,0701250,0871450,IA,003,IOWA,ADAMS,20171201,20171231,0066000,2013
99999,00000,NON-METRO,GSE,S,0100000,0453100,0580150,0701250,0871450,IA,005,IOWA,ALLAMAKEE,20171201,20171231,0100000,2017
99999,00000,NON-METRO,GSE,S,0044000,0453100,0580150,0701250,0871450,IA,007,IOWA,APPANOOSE,20171201,20171231,0067000,2008
99999,00000,NON-METRO,GSE,S,0056000,0453100,0580150,0701250,0871450,IA,009,IOWA,AUDUBON,20171201,20171231,0071000,2013
16300,00000,"CEDAR RAPIDS, IA",GSE,S,0148000,0453100,0580150,0701250,0871450,IA,011,IOWA,BENTON,20171201,20171231,0148000,2017
47940,00000,"WATERLOO-CEDAR FALLS, IA",GSE,S,0138000,0453100,0580150,0701250,0871450,IA,013,IOWA,BLACK HAWK,20171201,20171231,0146000,2013
14340,00000,"BOONE, IA",GSE,S,0128000,0453100,0580150,0701250,0871450,IA,015,IOWA,BOONE,20171201,20171231,0128000,2017
47940,00000,"WATERLOO-CEDAR FALLS, IA",GSE,S,0138000,0453100,0580150,0701250,0871450,IA,017,IOWA,BREMER,20171201,20171231,0146000,2013
99999,00000,NON-METRO,GSE,S,0147000,0453100,0580150,0701250,0871450,IA,019,IOWA,BUCHANAN,20171201,20171231,0147000,2017
44740,00000,"STORM LAKE, IA",GSE,S,0094000,0453100,0580150,0701250,0871450,IA,021,IOWA,BUENA VISTA,20171201,20171231,0095000,2016
99999,00000,NON-METRO,GSE,S,0110000,0453100,0580150,0701250,0871450,IA,023,IOWA,BUTLER,20171201,20171231,0110000,2017
99999,00000,NON-METRO,GSE,S,0065000,0453100,0580150,0701250,0871450,IA,025,IOWA,CALHOUN,20171201,20171231,0072000,2008
16140,00000,"CARROLL, IA",GSE,S,0139000,0453100,0580150,0701250,0871450,IA,027,IOWA,CARROLL,20171201,20171231,0139000,2017
99999,00000,NON-METRO,GSE,S,0087000,0453100,0580150,0701250,0871450,IA,029,IOWA,CASS,20171201,20171231,0087000,2017
99999,00000,NON-METRO,GSE,S,0144000,0453100,0580150,0701250,0871450,IA,031,IOWA,CEDAR,20171201,20171231,0144000,2017
32380,00000,"MASON CITY, IA",GSE,S,0108000,0453100,0580150,0701250,0871450,IA,033,IOWA,CERRO GORDO,20171201,20171231,0113000,2016
99999,00000,NON-METRO,GSE,S,0090000,0453100,0580150,0701250,0871450,IA,035,IOWA,CHEROKEE,20171201,20171231,0090000,2017
99999,00000,NON-METRO,GSE,S,0110000,0453100,0580150,0701250,0871450,IA,037,IOWA,CHICKASAW,20171201,20171231,0114000,2013
99999,00000,NON-METRO,GSE,S,0097000,0453100,0580150,0701250,0871450,IA,039,IOWA,CLARKE,20171201,20171231,0107000,2013
43980,00000,"SPENCER, IA",GSE,S,0132000,0453100,0580150,0701250,0871450,IA,041,IOWA,CLAY,20171201,20171231,0132000,2017
99999,00000,NON-METRO,GSE,S,0117000,0453100,0580150,0701250,0871450,IA,043,IOWA,CLAYTON,20171201,20171231,0117000,2017
17540,00000,"CLINTON, IA",GSE,S,0094000,0453100,0580150,0701250,0871450,IA,045,IOWA,CLINTON,20171201,20171231,0106000,2013
99999,00000,NON-METRO,GSE,S,0096000,0453100,0580150,0701250,0871450,IA,047,IOWA,CRAWFORD,20171201,20171231,0096000,2017
19780,00000,"DES MOINES-WEST DES MOINES, IA",GSE,S,0240000,0453100,0580150,0701250,0871450,IA,049,IOWA,DALLAS,20171201,20171231,0240000,2017
36900,00000,"OTTUMWA, IA",GSE,S,0105000,0453100,0580150,0701250,0871450,IA,051,IOWA,DAVIS,20171201,20171231,0105000,2017
99999,00000,NON-METRO,GSE,S,0087000,0453100,0580150,0701250,0871450,IA,053,IOWA,DECATUR,20171201,20171231,0103000,2013
99999,00000,NON-METRO,GSE,S,0119000,0453100,0580150,0701250,0871450,IA,055,IOWA,DELAWARE,20171201,20171231,0119000,2017
15460,00000,"BURLINGTON, IA-IL",GSE,S,0116000,0453100,0580150,0701250,0871450,IA,057,IOWA,DES MOINES,20171201,20171231,0116000,2017
44020,00000,"SPIRIT LAKE, IA",GSE,S,0171000,0453100,0580150,0701250,0871450,IA,059,IOWA,DICKINSON,20171201,20171231,0180000,2012
20220,00000,"DUBUQUE, IA",GSE,S,0147000,0453100,0580150,0701250,0871450,IA,061,IOWA,DUBUQUE,20171201,20171231,0147000,2017
99999,00000,NON-METRO,GSE,S,0090000,0453100,0580150,0701250,0871450,IA,063,IOWA,EMMET,20171201,20171231,0090000,2017
99999,00000,NON-METRO,GSE,S,0084000,0453100,0580150,0701250,0871450,IA,065,IOWA,FAYETTE,20171201,20171231,0084000,2017
99999,00000,NON-METRO,GSE,S,0108000,0453100,0580150,0701250,0871450,IA,067,IOWA,FLOYD,20171201,20171231,0108000,2017
99999,00000,NON-METRO,GSE,S,0095000,0453100,0580150,0701250,0871450,IA,069,IOWA,FRANKLIN,20171201,20171231,0095000,2017
99999,00000,NON-METRO,GSE,S,0107000,0453100,0580150,0701250,0871450,IA,071,IOWA,FREMONT,20171201,20171231,0107000,2017
99999,00000,NON-METRO,GSE,S,0091000,0453100,0580150,0701250,0871450,IA,073,IOWA,GREENE,20171201,20171231,0091000,2017
47940,00000,"WATERLOO-CEDAR FALLS, IA",GSE,S,0138000,0453100,0580150,0701250,0871450,IA,075,IOWA,GRUNDY,20171201,20171231,0146000,2013
19780,00000,"DES MOINES-WEST DES MOINES, IA",GSE,S,0240000,0453100,0580150,0701250,0871450,IA,077,IOWA,GUTHRIE,20171201,20171231,0240000,2017
99999,00000,NON-METRO,GSE,S,0079000,0453100,0580150,0701250,0871450,IA,079,IOWA,HAMILTON,20171201,20171231,0085000,2016
99999,00000,NON-METRO,GSE,S,0098000,0453100,0580150,0701250,0871450,IA,081,IOWA,HANCOCK,20171201,20171231,0115000,2008
99999,00000,NON-METRO,GSE,S,0101000,0453100,0580150,0701250,0871450,IA,083,IOWA,HARDIN,20171201,20171231,0101000,2017
36540,00000,"OMAHA-COUNCIL BLUFFS, NE-IA",GSE,S,0195000,0453100,0580150,0701250,0871450,IA,085,IOWA,HARRISON,20171201,20171231,0195000,2017
99999,00000,NON-METRO,GSE,S,0106000,0453100,0580150,0701250,0871450,IA,087,IOWA,HENRY,20171201,20171231,0106000,2017
99999,00000,NON-METRO,GSE,S,0101000,0453100,0580150,0701250,0871450,IA,089,IOWA,HOWARD,20171201,20171231,0101000,2017
99999,00000,NON-METRO,GSE,S,0078000,0453100,0580150,0701250,0871450,IA,091,IOWA,HUMBOLDT,20171201,20171231,0085000,2008
99999,00000,NON-METRO,GSE,S,0086000,0453100,0580150,0701250,0871450,IA,093,IOWA,IDA,20171201,20171231,0092000,2013
99999,00000,NON-METRO,GSE,S,0056000,0453100,0580150,0701250,0871450,IA,095,IOWA,IOWA,20171201,20171231,0131000,2008
99999,00000,NON-METRO,GSE,S,0112000,0453100,0580150,0701250,0871450,IA,097,IOWA,JACKSON,20171201,20171231,0117000,2009
35500,00000,"NEWTON, IA",GSE,S,0100000,0453100,0580150,0701250,0871450,IA,099,IOWA,JASPER,20171201,20171231,0100000,2008
21840,00000,"FAIRFIELD, IA",GSE,S,0108000,0453100,0580150,0701250,0871450,IA,101,IOWA,JEFFERSON,20171201,20171231,0108000,2017
26980,00000,"IOWA CITY, IA",GSE,S,0228000,0453100,0580150,0701250,0871450,IA,103,IOWA,JOHNSON,20171201,20171231,0228000,2017
16300,00000,"CEDAR RAPIDS, IA",GSE,S,0148000,0453100,0580150,0701250,0871450,IA,105,IOWA,JONES,20171201,20171231,0148000,2017
99999,00000,NON-METRO,GSE,S,0076000,0453100,0580150,0701250,0871450,IA,107,IOWA,KEOKUK,20171201,20171231,0076000,2017
99999,00000,NON-METRO,GSE,S,0075000,0453100,0580150,0701250,0871450,IA,109,IOWA,KOSSUTH,20171201,20171231,0082000,2012
22800,00000,"FORT MADISON-KEOKUK, IA-IL-MO",GSE,S,0093000,0453100,0580150,0701250,0871450,IA,111,IOWA,LEE,20171201,20171231,0097000,2016
16300,00000,"CEDAR RAPIDS, IA",GSE,S,0148000,0453100,0580150,0701250,0871450,IA,113,IOWA,LINN,20171201,20171231,0148000,2017
99999,00000,NON-METRO,GSE,S,0107000,0453100,0580150,0701250,0871450,IA,115,IOWA,LOUISA,20171201,20171231,0130000,2009
99999,00000,NON-METRO,GSE,S,0088000,0453100,0580150,0701250,0871450,IA,117,IOWA,LUCAS,20171201,20171231,0092000,2008
99999,00000,NON-METRO,GSE,S,0111000,0453100,0580150,0701250,0871450,IA,119,IOWA,LYON,20171201,20171231,0111000,2017
19780,00000,"DES MOINES-WEST DES MOINES, IA",GSE,S,0240000,0453100,0580150,0701250,0871450,IA,121,IOWA,MADISON,20171201,20171231,0240000,2017
36820,00000,"OSKALOOSA, IA",GSE,S,0139000,0453100,0580150,0701250,0871450,IA,123,IOWA,MAHASKA,20171201,20171231,0139000,2017
37800,00000,"PELLA, IA",GSE,S,0130000,0453100,0580150,0701250,0871450,IA,125,IOWA,MARION,20171201,20171231,0140000,2008
32260,00000,"MARSHALLTOWN, IA",GSE,S,0087000,0453100,0580150,0701250,0871450,IA,127,IOWA,MARSHALL,20171201,20171231,0106000,2008
36540,00000,"OMAHA-COUNCIL BLUFFS, NE-IA",GSE,S,0195000,0453100,0580150,0701250,0871450,IA,129,IOWA,MILLS,20171201,20171231,0195000,2017
99999,00000,NON-METRO,GSE,S,0121000,0453100,0580150,0701250,0871450,IA,131,IOWA,MITCHELL,20171201,20171231,0121000,2017
99999,00000,NON-METRO,GSE,S,0088000,0453100,0580150,0701250,0871450,IA,133,IOWA,MONONA,20171201,20171231,0092000,2015
99999,00000,NON-METRO,GSE,S,0103000,0453100,0580150,0701250,0871450,IA,135,IOWA,MONROE,20171201,20171231,0103000,2017
99999,00000,NON-METRO,GSE,S,0084000,0453100,0580150,0701250,0871450,IA,137,IOWA,MONTGOMERY,20171201,20171231,0084000,2017
34700,00000,"MUSCATINE, IA",GSE,S,0115000,0453100,0580150,0701250,0871450,IA,139,IOWA,MUSCATINE,20171201,20171231,0130000,2009
99999,00000,NON-METRO,GSE,S,0110000,0453100,0580150,0701250,0871450,IA,141,IOWA,O'BRIEN,20171201,20171231,0110000,2017
99999,00000,NON-METRO,GSE,S,0089000,0453100,0580150,0701250,0871450,IA,143,IOWA,OSCEOLA,20171201,20171231,0089000,2017
99999,00000,NON-METRO,GSE,S,0088000,0453100,0580150,0701250,0871450,IA,145,IOWA,PAGE,20171201,20171231,0088000,2008
99999,00000,NON-METRO,GSE,S,0091000,0453100,0580150,0701250,0871450,IA,147,IOWA,PALO ALTO,20171201,20171231,0091000,2017
43580,00000,"SIOUX CITY, IA-NE-SD",GSE,S,0217000,0453100,0580150,0701250,0871450,IA,149,IOWA,PLYMOUTH,20171201,20171231,0217000,2017
99999,00000,NON-METRO,GSE,S,0069000,0453100,0580150,0701250,0871450,IA,151,IOWA,POCAHONTAS,20171201,20171231,0069000,2017
19780,00000,"DES MOINES-WEST DES MOINES, IA",GSE,S,0240000,0453100,0580150,0701250,0871450,IA,153,IOWA,POLK,20171201,20171231,0240000,2017
36540,00000,"OMAHA-COUNCIL BLUFFS, NE-IA",GSE,S,0195000,0453100,0580150,0701250,0871450,IA,155,IOWA,POTTAWATTAMIE,20171201,20171231,0195000,2017
99999,00000,NON-METRO,GSE,S,0131000,0453100,0580150,0701250,0871450,IA,157,IOWA,POWESHIEK,20171201,20171231,0131000,2017
99999,00000,NON-METRO,GSE,S,0083000,0453100,0580150,0701250,0871450,IA,159,IOWA,RINGGOLD,20171201,20171231,0106000,2008
99999,00000,NON-METRO,GSE,S,0092000,0453100,0580150,0701250,0871450,IA,161,IOWA,SAC,20171201,20171231,0092000,2017
19340,00000,"DAVENPORT-MOLINE-ROCK ISLAND, IA-IL",GSE,S,0154000,0453100,0580150,0701250,0871450,IA,163,IOWA,SCOTT,20171201,20171231,0158000,2016
99999,00000,NON-METRO,GSE,S,0085000,0453100,0580150,0701250,0871450,IA,165,IOWA,SHELBY,20171201,20171231,0100000,2008
99999,00000,NON-METRO,GSE,S,0144000,0453100,0580150,0701250,0871450,IA,167,IOWA,SIOUX,20171201,20171231,0144000,2017
11180,00000,"AMES, IA",GSE,S,0190000,0453100,0580150,0701250,0871450,IA,169,IOWA,STORY,20171201,20171231,0190000,2017
99999,00000,NON-METRO,GSE,S,0101000,0453100,0580150,0701250,0871450,IA,171,IOWA,TAMA,20171201,20171231,0101000,2017
99999,00000,NON-METRO,GSE,S,0051000,0453100,0580150,0701250,0871450,IA,173,IOWA,TAYLOR,20171201,20171231,0072000,2013
99999,00000,NON-METRO,GSE,S,0085000,0453100,0580150,0701250,0871450,IA,175,IOWA,UNION,20171201,20171231,0085000,2017
99999,00000,NON-METRO,GSE,S,0082000,0453100,0580150,0701250,0871450,IA,177,IOWA,VAN BUREN,20171201,20171231,0082000,2017
36900,00000,"OTTUMWA, IA",GSE,S,0105000,0453100,0580150,0701250,0871450,IA,179,IOWA,WAPELLO,20171201,20171231,0105000,2017
19780,00000,"DES MOINES-WEST DES MOINES, IA",GSE,S,0240000,0453100,0580150,0701250,0871450,IA,181,IOWA,WARREN,20171201,20171231,0240000,2017
26980,00000,"IOWA CITY, IA",GSE,S,0228000,0453100,0580150,0701250,0871450,IA,183,IOWA,WASHINGTON,20171201,20171231,0228000,2017
99999,00000,NON-METRO,GSE,S,0037000,0453100,0580150,0701250,0871450,IA,185,IOWA,WAYNE,20171201,20171231,0091000,2008
22700,00000,"FORT DODGE, IA",GSE,S,0075000,0453100,0580150,0701250,0871450,IA,187,IOWA,WEBSTER,20171201,20171231,0079000,2008
99999,00000,NON-METRO,GSE,S,0100000,0453100,0580150,0701250,0871450,IA,189,IOWA,WINNEBAGO,20171201,20171231,0100000,2017
99999,00000,NON-METRO,GSE,S,0145000,0453100,0580150,0701250,0871450,IA,191,IOWA,WINNESHIEK,20171201,20171231,0145000,2017
43580,00000,"SIOUX CITY, IA-NE-SD",GSE,S,0217000,0453100,0580150,0701250,0871450,IA,193,IOWA,WOODBURY,20171201,20171231,0217000,2017
32380,00000,"MASON CITY, IA",GSE,S,0108000,0453100,0580150,0701250,0871450,IA,195,IOWA,WORTH,20171201,20171231,0113000,2016
99999,00000,NON-METRO,GSE,S,0078000,0453100,0580150,0701250,0871450,IA,197,IOWA,WRIGHT,20171201,20171231,0078000,2017
14260,00000,"BOISE CITY, ID",GSE,S,0255000,0453100,0580150,0701250,0871450,ID,001,IDAHO,ADA,20171201,20171231,0255000,2017
99999,00000,NON-METRO,GSE,S,0173000,0453100,0580150,0701250,0871450,ID,003,IDAHO,ADAMS,20171201,20171231,0223000,2009
38540,00000,"POCATELLO, ID",GSE,S,0156000,0453100,0580150,0701250,0871450,ID,005,IDAHO,BANNOCK,20171201,20171231,0157000,2009
99999,00000,NON-METRO,GSE,S,0143000,0453100,0580150,0701250,0871450,ID,007,IDAHO,BEAR LAKE,20171201,20171231,0167000,2014
99999,00000,NON-METRO,GSE,S,0128000,0453100,0580150,0701250,0871450,ID,009,IDAHO,BENEWAH,20171201,20171231,0143000,2009
13940,00000,"BLACKFOOT, ID",GSE,S,0165000,0453100,0580150,0701250,0871450,ID,011,IDAHO,BINGHAM,20171201,20171231,0168000,2014
25200,00000,"HAILEY, ID",GSE,H,0336000,0625500,0800775,0967950,1202925,ID,013,IDAHO,BLAINE,20171201,20140101,0562000,2008
14260,00000,"BOISE CITY, ID",GSE,S,0255000,0453100,0580150,0701250,0871450,ID,015,IDAHO,BOISE,20171201,20171231,0255000,2017
41760,00000,"SANDPOINT, ID",GSE,S,0211000,0453100,0580150,0701250,0871450,ID,017,IDAHO,BONNER,20171201,20171231,0218000,2016
26820,00000,"IDAHO FALLS, ID",GSE,S,0217000,0453100,0580150,0701250,0871450,ID,019,IDAHO,BONNEVILLE,20171201,20171231,0217000,2017
99999,00000,NON-METRO,GSE,S,0176000,0453100,0580150,0701250,0871450,ID,021,IDAHO,BOUNDARY,20171201,20171231,0182000,2009
26820,00000,"IDAHO FALLS, ID",GSE,S,0217000,0453100,0580150,0701250,0871450,ID,023,IDAHO,BUTTE,20171201,20171231,0217000,2017
25200,00000,"HAILEY, ID",GSE,H,0336000,0625500,0800775,0967950,1202925,ID,025,IDAHO,CAMAS,20171201,20140101,0562000,2013
14260,00000,"BOISE CITY, ID",GSE,S,0255000,0453100,0580150,0701250,0871450,ID,027,IDAHO,CANYON,20171201,20171231,0255000,2017
99999,00000,NON-METRO,GSE,S,0129000,0453100,0580150,0701250,0871450,ID,029,IDAHO,CARIBOU,20171201,20171231,0152000,2010
15420,00000,"BURLEY, ID",GSE,S,0154000,0453100,0580150,0701250,0871450,ID,031,IDAHO,CASSIA,20171201,20171231,0155000,2016
99999,00000,NON-METRO,GSE,S,0109000,0453100,0580150,0701250,0871450,ID,033,IDAHO,CLARK,20171201,20171231,0160000,2014
99999,00000,NON-METRO,GSE,S,0155000,0453100,0580150,0701250,0871450,ID,035,IDAHO,CLEARWATER,20171201,20171231,0155000,2017
99999,00000,NON-METRO,GSE,S,0113000,0453100,0580150,0701250,0871450,ID,037,IDAHO,CUSTER,20171201,20171231,0205000,2013
34300,00000,"MOUNTAIN HOME, ID",GSE,S,0152000,0453100,0580150,0701250,0871450,ID,039,IDAHO,ELMORE,20171201,20171231,0171000,2009
30860,00000,"LOGAN, UT-ID",GSE,S,0220000,0453100,0580150,0701250,0871450,ID,041,IDAHO,FRANKLIN,20171201,20171231,0222000,2010
39940,00000,"REXBURG, ID",GSE,S,0209000,0453100,0580150,0701250,0871450,ID,043,IDAHO,FREMONT,20171201,20171231,0209000,2017
14260,00000,"BOISE CITY, ID",GSE,S,0255000,0453100,0580150,0701250,0871450,ID,045,IDAHO,GEM,20171201,20171231,0255000,2017
99999,00000,NON-METRO,GSE,S,0125000,0453100,0580150,0701250,0871450,ID,047,IDAHO,GOODING,20171201,20171231,0177000,2009
99999,00000,NON-METRO,GSE,S,0126000,0453100,0580150,0701250,0871450,ID,049,IDAHO,IDAHO,20171201,20171231,0160000,2009
26820,00000,"IDAHO FALLS, ID",GSE,S,0217000,0453100,0580150,0701250,0871450,ID,051,IDAHO,JEFFERSON,20171201,20171231,0217000,2017
46300,00000,"TWIN FALLS, ID",GSE,S,0180000,0453100,0580150,0701250,0871450,ID,053,IDAHO,JEROME,20171201,20171231,0194000,2009
17660,00000,"COEUR D'ALENE, ID",GSE,S,0246000,0453100,0580150,0701250,0871450,ID,055,IDAHO,KOOTENAI,20171201,20171231,0246000,2017
34140,00000,"MOSCOW, ID",GSE,S,0231000,0453100,0580150,0701250,0871450,ID,057,IDAHO,LATAH,20171201,20171231,0234000,2016
99999,00000,NON-METRO,GSE,S,0131000,0453100,0580150,0701250,0871450,ID,059,IDAHO,LEMHI,20171201,20171231,0164000,2009
99999,00000,NON-METRO,GSE,S,0102000,0453100,0580150,0701250,0871450,ID,061,IDAHO,LEWIS,20171201,20171231,0138000,2009
25200,00000,"HAILEY, ID",GSE,H,0336000,0625500,0800775,0967950,1202925,ID,063,IDAHO,LINCOLN,20171201,20140101,0562000,2013
39940,00000,"REXBURG, ID",GSE,S,0209000,0453100,0580150,0701250,0871450,ID,065,IDAHO,MADISON,20171201,20171231,0209000,2017
15420,00000,"BURLEY, ID",GSE,S,0154000,0453100,0580150,0701250,0871450,ID,067,IDAHO,MINIDOKA,20171201,20171231,0155000,2016
30300,00000,"LEWISTON, ID-WA",GSE,S,0196000,0453100,0580150,0701250,0871450,ID,069,IDAHO,NEZ PERCE,20171201,20171231,0228000,2009
99999,00000,NON-METRO,GSE,S,0153000,0453100,0580150,0701250,0871450,ID,071,IDAHO,ONEIDA,20171201,20171231,0181000,2009
14260,00000,"BOISE CITY, ID",GSE,S,0255000,0453100,0580150,0701250,0871450,ID,073,IDAHO,OWYHEE,20171201,20171231,0255000,2017
36620,00000,"ONTARIO, OR-ID",GSE,S,0163000,0453100,0580150,0701250,0871450,ID,075,IDAHO,PAYETTE,20171201,20171231,0171000,2008
99999,00000,NON-METRO,GSE,S,0148000,0453100,0580150,0701250,0871450,ID,077,IDAHO,POWER,20171201,20171231,0157000,2009
99999,00000,NON-METRO,GSE,S,0110000,0453100,0580150,0701250,0871450,ID,079,IDAHO,SHOSHONE,20171201,20171231,0137000,2009
27220,00000,"JACKSON, WY-ID",GSE,H,0736000,0679650,0870225,1051875,1307175,ID,081,IDAHO,TETON,20171201,20171231,0800000,2008
46300,00000,"TWIN FALLS, ID",GSE,S,0180000,0453100,0580150,0701250,0871450,ID,083,IDAHO,TWIN FALLS,20171201,20171231,0194000,2009
99999,00000,NON-METRO,GSE,S,0229000,0453100,0580150,0701250,0871450,ID,085,IDAHO,VALLEY,20171201,20171231,0237000,2008
99999,00000,NON-METRO,GSE,S,0142000,0453100,0580150,0701250,0871450,ID,087,IDAHO,WASHINGTON,20171201,20171231,0150000,2009
39500,00000,"QUINCY, IL-MO",GSE,S,0107000,0453100,0580150,0701250,0871450,IL,001,ILLINOIS,ADAMS,20171201,20171231,0107000,2017
16020,00000,"CAPE GIRARDEAU, MO-IL",GSE,S,0164000,0453100,0580150,0701250,0871450,IL,003,ILLINOIS,ALEXANDER,20171201,20171231,0185000,2013
41180,00000,"ST. LOUIS, MO-IL",GSE,S,0229000,0453100,0580150,0701250,0871450,IL,005,ILLINOIS,BOND,20171201,20171231,0229000,2017
40420,00000,"ROCKFORD, IL",GSE,S,0156000,0453100,0580150,0701250,0871450,IL,007,ILLINOIS,BOONE,20171201,20171231,0295000,2008
99999,00000,NON-METRO,GSE,S,0089000,0453100,0580150,0701250,0871450,IL,009,ILLINOIS,BROWN,20171201,20171231,0090000,2016
36860,00000,"OTTAWA-PERU, IL",GSE,S,0126000,0453100,0580150,0701250,0871450,IL,011,ILLINOIS,BUREAU,20171201,20171231,0149000,2009
41180,00000,"ST. LOUIS, MO-IL",GSE,S,0229000,0453100,0580150,0701250,0871450,IL,013,ILLINOIS,CALHOUN,20171201,20171231,0229000,2017
99999,00000,NON-METRO,GSE,S,0079000,0453100,0580150,0701250,0871450,IL,015,ILLINOIS,CARROLL,20171201,20171231,0100000,2009
99999,00000,NON-METRO,GSE,S,0055000,0453100,0580150,0701250,0871450,IL,017,ILLINOIS,CASS,20171201,20171231,0075000,2016
16580,00000,"CHAMPAIGN-URBANA, IL",GSE,S,0154000,0453100,0580150,0701250,0871450,IL,019,ILLINOIS,CHAMPAIGN,20171201,20171231,0154000,2017
45380,00000,"TAYLORVILLE, IL",GSE,S,0075000,0453100,0580150,0701250,0871450,IL,021,ILLINOIS,CHRISTIAN,20171201,20171231,0087000,2009
99999,00000,NON-METRO,GSE,S,0072000,0453100,0580150,0701250,0871450,IL,023,ILLINOIS,CLARK,20171201,20171231,0089000,2008
99999,00000,NON-METRO,GSE,S,0052000,0453100,0580150,0701250,0871450,IL,025,ILLINOIS,CLAY,20171201,20171231,0085000,2009
41180,00000,"ST. LOUIS, MO-IL",GSE,S,0229000,0453100,0580150,0701250,0871450,IL,027,ILLINOIS,CLINTON,20171201,20171231,0229000,2017
16660,00000,"CHARLESTON-MATTOON, IL",GSE,S,0083000,0453100,0580150,0701250,0871450,IL,029,ILLINOIS,COLES,20171201,20171231,0101000,2009
16980,16974,"CHICAGO-NAPERVILLE-ELGIN, IL-IN-WI",GSE,S,0309000,0453100,0580150,0701250,0871450,IL,031,ILLINOIS,COOK,20171201,20171231,0318000,2008
99999,00000,NON-METRO,GSE,S,0065000,0453100,0580150,0701250,0871450,IL,033,ILLINOIS,CRAWFORD,20171201,20171231,0076000,2014
16660,00000,"CHARLESTON-MATTOON, IL",GSE,S,0083000,0453100,0580150,0701250,0871450,IL,035,ILLINOIS,CUMBERLAND,20171201,20171231,0101000,2009
16980,20994,"CHICAGO-NAPERVILLE-ELGIN, IL-IN-WI",GSE,S,0309000,0453100,0580150,0701250,0871450,IL,037,ILLINOIS,DEKALB,20171201,20171231,0318000,2008
14010,00000,"BLOOMINGTON, IL",GSE,S,0156000,0453100,0580150,0701250,0871450,IL,039,ILLINOIS,DE WITT,20171201,20171231,0162000,2013
99999,00000,NON-METRO,GSE,S,0104000,0453100,0580150,0701250,0871450,IL,041,ILLINOIS,DOUGLAS,20171201,20171231,0104000,2017
16980,16974,"CHICAGO-NAPERVILLE-ELGIN, IL-IN-WI",GSE,S,0309000,0453100,0580150,0701250,0871450,IL,043,ILLINOIS,DUPAGE,20171201,20171231,0318000,2008
99999,00000,NON-METRO,GSE,S,0072000,0453100,0580150,0701250,0871450,IL,045,ILLINOIS,EDGAR,20171201,20171231,0076000,2016
99999,00000,NON-METRO,GSE,S,0075000,0453100,0580150,0701250,0871450,IL,047,ILLINOIS,EDWARDS,20171201,20171231,0075000,2017
20820,00000,"EFFINGHAM, IL",GSE,S,0110000,0453100,0580150,0701250,0871450,IL,049,ILLINOIS,EFFINGHAM,20171201,20171231,0134000,2009
99999,00000,NON-METRO,GSE,S,0089000,0453100,0580150,0701250,0871450,IL,051,ILLINOIS,FAYETTE,20171201,20171231,0089000,2017
16580,00000,"CHAMPAIGN-URBANA, IL",GSE,S,0154000,0453100,0580150,0701250,0871450,IL,053,ILLINOIS,FORD,20171201,20171231,0154000,2017
99999,00000,NON-METRO,GSE,S,0069000,0453100,0580150,0701250,0871450,IL,055,ILLINOIS,FRANKLIN,20171201,20171231,0069000,2016
15900,00000,"CANTON, IL",GSE,S,0066000,0453100,0580150,0701250,0871450,IL,057,ILLINOIS,FULTON,20171201,20171231,0084000,2009
99999,00000,NON-METRO,GSE,S,0025000,0453100,0580150,0701250,0871450,IL,059,ILLINOIS,GALLATIN,20171201,20171231,0063000,2009
99999,00000,NON-METRO,GSE,S,0079000,0453100,0580150,0701250,0871450,IL,061,ILLINOIS,GREENE,20171201,20171231,0098000,2015
16980,16974,"CHICAGO-NAPERVILLE-ELGIN, IL-IN-WI",GSE,S,0309000,0453100,0580150,0701250,0871450,IL,063,ILLINOIS,GRUNDY,20171201,20171231,0318000,2008
99999,00000,NON-METRO,GSE,S,0083000,0453100,0580150,0701250,0871450,IL,065,ILLINOIS,HAMILTON,20171201,20171231,0093000,2009
22800,00000,"FORT MADISON-KEOKUK, IA-IL-MO",GSE,S,0093000,0453100,0580150,0701250,0871450,IL,067,ILLINOIS,HANCOCK,20171201,20171231,0097000,2016
99999,00000,NON-METRO,GSE,S,0072000,0453100,0580150,0701250,0871450,IL,069,ILLINOIS,HARDIN,20171201,20171231,0076000,2015
15460,00000,"BURLINGTON, IA-IL",GSE,S,0116000,0453100,0580150,0701250,0871450,IL,071,ILLINOIS,HENDERSON,20171201,20171231,0116000,2017
19340,00000,"DAVENPORT-MOLINE-ROCK ISLAND, IA-IL",GSE,S,0154000,0453100,0580150,0701250,0871450,IL,073,ILLINOIS,HENRY,20171201,20171231,0158000,2016
99999,00000,NON-METRO,GSE,S,0090000,0453100,0580150,0701250,0871450,IL,075,ILLINOIS,IROQUOIS,20171201,20171231,0111000,2009
16060,00000,"CARBONDALE-MARION, IL",GSE,S,0086000,0453100,0580150,0701250,0871450,IL,077,ILLINOIS,JACKSON,20171201,20171231,0110000,2009
99999,00000,NON-METRO,GSE,S,0116000,0453100,0580150,0701250,0871450,IL,079,ILLINOIS,JASPER,20171201,20171231,0118000,2016
34500,00000,"MOUNT VERNON, IL",GSE,S,0068000,0453100,0580150,0701250,0871450,IL,081,ILLINOIS,JEFFERSON,20171201,20171231,0093000,2009
41180,00000,"ST. LOUIS, MO-IL",GSE,S,0229000,0453100,0580150,0701250,0871450,IL,083,ILLINOIS,JERSEY,20171201,20171231,0229000,2017
99999,00000,NON-METRO,GSE,S,0124000,0453100,0580150,0701250,0871450,IL,085,ILLINOIS,JO DAVIESS,20171201,20171231,0135000,2008
99999,00000,NON-METRO,GSE,S,0096000,0453100,0580150,0701250,0871450,IL,087,ILLINOIS,JOHNSON,20171201,20171231,0105000,2009
16980,20994,"CHICAGO-NAPERVILLE-ELGIN, IL-IN-WI",GSE,S,0309000,0453100,0580150,0701250,0871450,IL,089,ILLINOIS,KANE,20171201,20171231,0318000,2008
28100,00000,"KANKAKEE, IL",GSE,S,0129000,0453100,0580150,0701250,0871450,IL,091,ILLINOIS,KANKAKEE,20171201,20171231,0153000,2008
16980,16974,"CHICAGO-NAPERVILLE-ELGIN, IL-IN-WI",GSE,S,0309000,0453100,0580150,0701250,0871450,IL,093,ILLINOIS,KENDALL,20171201,20171231,0318000,2008
23660,00000,"GALESBURG, IL",GSE,S,0075000,0453100,0580150,0701250,0871450,IL,095,ILLINOIS,KNOX,20171201,20171231,0090000,2009
16980,29404,"CHICAGO-NAPERVILLE-ELGIN, IL-IN-WI",GSE,S,0309000,0453100,0580150,0701250,0871450,IL,097,ILLINOIS,LAKE,20171201,20171231,0318000,2008
36860,00000,"OTTAWA-PERU, IL",GSE,S,0126000,0453100,0580150,0701250,0871450,IL,099,ILLINOIS,LASALLE,20171201,20171231,0149000,2009
99999,00000,NON-METRO,GSE,S,0069000,0453100,0580150,0701250,0871450,IL,101,ILLINOIS,LAWRENCE,20171201,20171231,0074000,2009
19940,00000,"DIXON, IL",GSE,S,0060000,0453100,0580150,0701250,0871450,IL,103,ILLINOIS,LEE,20171201,20171231,0118000,2008
38700,00000,"PONTIAC, IL",GSE,S,0101000,0453100,0580150,0701250,0871450,IL,105,ILLINOIS,LIVINGSTON,20171201,20171231,0110000,2009
30660,00000,"LINCOLN, IL",GSE,S,0082000,0453100,0580150,0701250,0871450,IL,107,ILLINOIS,LOGAN,20171201,20171231,0102000,2009
31380,00000,"MACOMB, IL",GSE,S,0100000,0453100,0580150,0701250,0871450,IL,109,ILLINOIS,MCDONOUGH,20171201,20171231,0100000,2017
16980,16974,"CHICAGO-NAPERVILLE-ELGIN, IL-IN-WI",GSE,S,0309000,0453100,0580150,0701250,0871450,IL,111,ILLINOIS,MCHENRY,20171201,20171231,0318000,2008
14010,00000,"BLOOMINGTON, IL",GSE,S,0156000,0453100,0580150,0701250,0871450,IL,113,ILLINOIS,MCLEAN,20171201,20171231,0162000,2008
19500,00000,"DECATUR, IL",GSE,S,0080000,0453100,0580150,0701250,0871450,IL,115,ILLINOIS,MACON,20171201,20171231,0100000,2008
41180,00000,"ST. LOUIS, MO-IL",GSE,S,0229000,0453100,0580150,0701250,0871450,IL,117,ILLINOIS,MACOUPIN,20171201,20171231,0229000,2017
41180,00000,"ST. LOUIS, MO-IL",GSE,S,0229000,0453100,0580150,0701250,0871450,IL,119,ILLINOIS,MADISON,20171201,20171231,0229000,2017
16460,00000,"CENTRALIA, IL",GSE,S,0049000,0453100,0580150,0701250,0871450,IL,121,ILLINOIS,MARION,20171201,20171231,0073000,2009
37900,00000,"PEORIA, IL",GSE,S,0130000,0453100,0580150,0701250,0871450,IL,123,ILLINOIS,MARSHALL,20171201,20171231,0150000,2012
99999,00000,NON-METRO,GSE,S,0085000,0453100,0580150,0701250,0871450,IL,125,ILLINOIS,MASON,20171201,20171231,0086000,2015
