msa-code,metro-code,metro-name,program,limit-type,median-price,limit-1-unit,limit-2-units,limit-3-units,limit-4-units,state,county-fips,state-name,county-name,county-transaction-date,limit-transaction-date,median-price-determining-limit,year-for-median-determining-limit
,,,ZZGSE,S,,0970800,1243050,1502475,1867275,,,,,,20220101,,
,,,GSE,S,,0647200,0828700,1001650,1244850,,,,,,20220101,,
99999,00000,NON-METRO,GSE,S,0136000,0970800,1243050,1502475,1867275,AK,013,ALASKA,ALEUTIANS EAST,,20220101,0214000,2013
99999,00000,NON-METRO,GSE,S,0461000,0970800,1243050,1502475,1867275,AK,016,ALASKA,ALEUTIANS WEST,,20220101,0474000,2020
11260,00000,"ANCHORAGE, AK",GSE,S,0392000,0970800,1243050,1502475,1867275,AK,020,ALASKA,ANCHORAGE MUNIC,,20220101,0392000,2021
99999,00000,NON-METRO,GSE,S,0095000,0970800,1243050,1502475,1867275,AK,050,ALASKA,BETHEL CENSUS A,,20220101,0208000,2015
99999,00000,NON-METRO,GSE,S,0214000,0970800,1243050,1502475,1867275,AK,060,ALASKA,BRISTOL BAY BOR,,20220101,0298000,2020
99999,00000,NON-METRO,GSE,S,0265000,0970800,1243050,1502475,1867275,AK,068,ALASKA,DENALI BOROUGH,,20220101,0265000,2021
99999,00000,NON-METRO,GSE,S,0208000,0970800,1243050,1502475,1867275,AK,070,ALASKA,DILLINGHAM CENS,,20220101,0259000,2017
21820,00000,"FAIRBANKS, AK",GSE,S,0285000,0970800,1243050,1502475,1867275,AK,090,ALASKA,FAIRBANKS NORTH,,20220101,0285000,2021
99999,00000,NON-METRO,GSE,S,0188000,0970800,1243050,1502475,1867275,AK,100,ALASKA,HAINES BOROUGH,,20220101,0256000,2018
99999,00000,NON-METRO,GSE,S,0125000,0970800,1243050,1502475,1867275,AK,105,ALASKA,HOONAH-ANGOON C,,20220101,0253000,2019
27940,00000,"JUNEAU, AK",GSE,S,0445000,0970800,1243050,1502475,1867275,AK,110,ALASKA,JUNEAU CITY AND,,20220101,0445000,2021
99999,00000,NON-METRO,GSE,S,0267000,0970800,1243050,1502475,1867275,AK,122,ALASKA,KENAI PENINSULA,,20220101,0267000,2021
28540,00000,"KETCHIKAN, AK",GSE,S,0365000,0970800,1243050,1502475,1867275,AK,130,ALASKA,KETCHIKAN GATEW,,20220101,0365000,2021
99999,00000,NON-METRO,GSE,S,0394000,0970800,1243050,1502475,1867275,AK,150,ALASKA,KODIAK ISLAND B,,20220101,0394000,2021
99999,00000,NON-METRO,GSE,S,0081000,0970800,1243050,1502475,1867275,AK,158,ALASKA,KUSILVAK CENSUS,,20220101,0161000,2013
99999,00000,NON-METRO,GSE,S,0131000,0970800,1243050,1502475,1867275,AK,164,ALASKA,LAKE AND PENINS,,20220101,0164000,2016
11260,00000,"ANCHORAGE, AK",GSE,S,0392000,0970800,1243050,1502475,1867275,AK,170,ALASKA,MATANUSKA-SUSIT,,20220101,0392000,2021
99999,00000,NON-METRO,GSE,S,0357000,0970800,1243050,1502475,1867275,AK,180,ALASKA,NOME CENSUS ARE,,20220101,0383000,2020
99999,00000,NON-METRO,GSE,S,0214000,0970800,1243050,1502475,1867275,AK,185,ALASKA,NORTH SLOPE BOR,,20220101,0289000,2013
99999,00000,NON-METRO,GSE,S,0161000,0970800,1243050,1502475,1867275,AK,188,ALASKA,NORTHWEST ARCTI,,20220101,0204000,2016
99999,00000,NON-METRO,GSE,S,0222000,0970800,1243050,1502475,1867275,AK,195,ALASKA,PETERSBURG CENS,,20220101,0289000,2013
99999,00000,NON-METRO,GSE,S,0165000,0970800,1243050,1502475,1867275,AK,198,ALASKA,PRINCE OF WALES,,20220101,0225000,2013
99999,00000,NON-METRO,GSE,S,0438000,0970800,1243050,1502475,1867275,AK,220,ALASKA,SITKA CITY AND,,20220101,0438000,2021
99999,00000,NON-METRO,GSE,S,0384000,0970800,1243050,1502475,1867275,AK,230,ALASKA,SKAGWAY MUNICIP,,20220101,0384000,2021
99999,00000,NON-METRO,GSE,S,0161000,0970800,1243050,1502475,1867275,AK,240,ALASKA,SOUTHEAST FAIRB,,20220101,0228000,2016
99999,00000,NON-METRO,GSE,S,0248000,0970800,1243050,1502475,1867275,AK,261,ALASKA,VALDEZ-CORDOVA,,20220101,0281000,2019
99999,00000,NON-METRO,GSE,S,0205000,0970800,1243050,1502475,1867275,AK,275,ALASKA,WRANGELL CITY A,,20220101,0289000,2013
99999,00000,NON-METRO,GSE,S,0241000,0970800,1243050,1502475,1867275,AK,282,ALASKA,YAKUTAT CITY AN,,20220101,0366000,2013
99999,00000,NON-METRO,GSE,S,0087000,0970800,1243050,1502475,1867275,AK,290,ALASKA,YUKON-KOYUKUK C,,20220101,0117000,2015
33860,00000,"MONTGOMERY, AL",GSE,S,0185000,0647200,0828700,1001650,1244850,AL,001,ALABAMA,AUTAUGA,,20220101,0185000,2021
19300,00000,"DAPHNE-FAIRHOPE-FOLEY, AL",GSE,S,0240000,0647200,0828700,1001650,1244850,AL,003,ALABAMA,BALDWIN,,20220101,0240000,2021
21640,00000,"EUFAULA, AL-GA",GSE,S,0109000,0647200,0828700,1001650,1244850,AL,005,ALABAMA,BARBOUR,,20220101,0126000,2010
13820,00000,"BIRMINGHAM-HOOVER, AL",GSE,S,0255000,0647200,0828700,1001650,1244850,AL,007,ALABAMA,BIBB,,20220101,0255000,2021
13820,00000,"BIRMINGHAM-HOOVER, AL",GSE,S,0255000,0647200,0828700,1001650,1244850,AL,009,ALABAMA,BLOUNT,,20220101,0255000,2021
99999,00000,NON-METRO,GSE,S,0084000,0647200,0828700,1001650,1244850,AL,011,ALABAMA,BULLOCK,,20220101,0089000,2020
99999,00000,NON-METRO,GSE,S,0081000,0647200,0828700,1001650,1244850,AL,013,ALABAMA,BUTLER,,20220101,0099000,2019
11500,00000,"ANNISTON-OXFORD, AL",GSE,S,0157000,0647200,0828700,1001650,1244850,AL,015,ALABAMA,CALHOUN,,20220101,0157000,2021
29300,00000,"LAGRANGE, GA-AL",GSE,S,0155000,0647200,0828700,1001650,1244850,AL,017,ALABAMA,CHAMBERS,,20220101,0155000,2021
99999,00000,NON-METRO,GSE,S,0130000,0647200,0828700,1001650,1244850,AL,019,ALABAMA,CHEROKEE,,20220101,0141000,2020
13820,00000,"BIRMINGHAM-HOOVER, AL",GSE,S,0255000,0647200,0828700,1001650,1244850,AL,021,ALABAMA,CHILTON,,20220101,0255000,2021
99999,00000,NON-METRO,GSE,S,0089000,0647200,0828700,1001650,1244850,AL,023,ALABAMA,CHOCTAW,,20220101,0089000,2021
99999,00000,NON-METRO,GSE,S,0135000,0647200,0828700,1001650,1244850,AL,025,ALABAMA,CLARKE,,20220101,0135000,2021
99999,00000,NON-METRO,GSE,S,0061000,0647200,0828700,1001650,1244850,AL,027,ALABAMA,CLAY,,20220101,0087000,2010
99999,00000,NON-METRO,GSE,S,0140000,0647200,0828700,1001650,1244850,AL,029,ALABAMA,CLEBURNE,,20220101,0177000,2020
21460,00000,"ENTERPRISE, AL",GSE,S,0153000,0647200,0828700,1001650,1244850,AL,031,ALABAMA,COFFEE,,20220101,0153000,2021
22520,00000,"FLORENCE-MUSCLE SHOALS, AL",GSE,S,0171000,0647200,0828700,1001650,1244850,AL,033,ALABAMA,COLBERT,,20220101,0176000,2019
99999,00000,NON-METRO,GSE,S,0097000,0647200,0828700,1001650,1244850,AL,035,ALABAMA,CONECUH,,20220101,0097000,2021
10760,00000,"ALEXANDER CITY, AL",GSE,S,0131000,0647200,0828700,1001650,1244850,AL,037,ALABAMA,COOSA,,20220101,0195000,2016
99999,00000,NON-METRO,GSE,S,0098000,0647200,0828700,1001650,1244850,AL,039,ALABAMA,COVINGTON,,20220101,0098000,2021
99999,00000,NON-METRO,GSE,S,0097000,0647200,0828700,1001650,1244850,AL,041,ALABAMA,CRENSHAW,,20220101,0097000,2021
18980,00000,"CULLMAN, AL",GSE,S,0139000,0647200,0828700,1001650,1244850,AL,043,ALABAMA,CULLMAN,,20220101,0139000,2021
37120,00000,"OZARK, AL",GSE,S,0093000,0647200,0828700,1001650,1244850,AL,045,ALABAMA,DALE,,20220101,0118000,2012
42820,00000,"SELMA, AL",GSE,S,0055000,0647200,0828700,1001650,1244850,AL,047,ALABAMA,DALLAS,,20220101,0097000,2010
22840,00000,"FORT PAYNE, AL",GSE,S,0070000,0647200,0828700,1001650,1244850,AL,049,ALABAMA,DEKALB,,20220101,0146000,2019
33860,00000,"MONTGOMERY, AL",GSE,S,0185000,0647200,0828700,1001650,1244850,AL,051,ALABAMA,ELMORE,,20220101,0185000,2021
12120,00000,"ATMORE, AL",GSE,S,0153000,0647200,0828700,1001650,1244850,AL,053,ALABAMA,ESCAMBIA,,20220101,0153000,2021
23460,00000,"GADSDEN, AL",GSE,S,0165000,0647200,0828700,1001650,1244850,AL,055,ALABAMA,ETOWAH,,20220101,0165000,2021
99999,00000,NON-METRO,GSE,S,0065000,0647200,0828700,1001650,1244850,AL,057,ALABAMA,FAYETTE,,20220101,0111000,2010
99999,00000,NON-METRO,GSE,S,0085000,0647200,0828700,1001650,1244850,AL,059,ALABAMA,FRANKLIN,,20220101,0092000,2010
20020,00000,"DOTHAN, AL",GSE,S,0155000,0647200,0828700,1001650,1244850,AL,061,ALABAMA,GENEVA,,20220101,0171000,2011
46220,00000,"TUSCALOOSA, AL",GSE,S,0200000,0647200,0828700,1001650,1244850,AL,063,ALABAMA,GREENE,,20220101,0288000,2015
46220,00000,"TUSCALOOSA, AL",GSE,S,0200000,0647200,0828700,1001650,1244850,AL,065,ALABAMA,HALE,,20220101,0288000,2015
20020,00000,"DOTHAN, AL",GSE,S,0155000,0647200,0828700,1001650,1244850,AL,067,ALABAMA,HENRY,,20220101,0171000,2011
20020,00000,"DOTHAN, AL",GSE,S,0155000,0647200,0828700,1001650,1244850,AL,069,ALABAMA,HOUSTON,,20220101,0171000,2011
42460,00000,"SCOTTSBORO, AL",GSE,S,0107000,0647200,0828700,1001650,1244850,AL,071,ALABAMA,JACKSON,,20220101,0120000,2020
13820,00000,"BIRMINGHAM-HOOVER, AL",GSE,S,0255000,0647200,0828700,1001650,1244850,AL,073,ALABAMA,JEFFERSON,,20220101,0255000,2021
99999,00000,NON-METRO,GSE,S,0097000,0647200,0828700,1001650,1244850,AL,075,ALABAMA,LAMAR,,20220101,0097000,2021
22520,00000,"FLORENCE-MUSCLE SHOALS, AL",GSE,S,0171000,0647200,0828700,1001650,1244850,AL,077,ALABAMA,LAUDERDALE,,20220101,0176000,2019
19460,00000,"DECATUR, AL",GSE,S,0159000,0647200,0828700,1001650,1244850,AL,079,ALABAMA,LAWRENCE,,20220101,0159000,2021
12220,00000,"AUBURN-OPELIKA, AL",GSE,S,0245000,0647200,0828700,1001650,1244850,AL,081,ALABAMA,LEE,,20220101,0245000,2021
26620,00000,"HUNTSVILLE, AL",GSE,S,0227000,0647200,0828700,1001650,1244850,AL,083,ALABAMA,LIMESTONE,,20220101,0227000,2021
33860,00000,"MONTGOMERY, AL",GSE,S,0185000,0647200,0828700,1001650,1244850,AL,085,ALABAMA,LOWNDES,,20220101,0185000,2021
99999,00000,NON-METRO,GSE,S,0097000,0647200,0828700,1001650,1244850,AL,087,ALABAMA,MACON,,20220101,0108000,2010
26620,00000,"HUNTSVILLE, AL",GSE,S,0227000,0647200,0828700,1001650,1244850,AL,089,ALABAMA,MADISON,,20220101,0227000,2021
99999,00000,NON-METRO,GSE,S,0101000,0647200,0828700,1001650,1244850,AL,091,ALABAMA,MARENGO,,20220101,0106000,2019
99999,00000,NON-METRO,GSE,S,0079000,0647200,0828700,1001650,1244850,AL,093,ALABAMA,MARION,,20220101,0099000,2015
10700,00000,"ALBERTVILLE, AL",GSE,S,0142000,0647200,0828700,1001650,1244850,AL,095,ALABAMA,MARSHALL,,20220101,0142000,2021
33660,00000,"MOBILE, AL",GSE,S,0135000,0647200,0828700,1001650,1244850,AL,097,ALABAMA,MOBILE,,20220101,0145000,2008
99999,00000,NON-METRO,GSE,S,0065000,0647200,0828700,1001650,1244850,AL,099,ALABAMA,MONROE,,20220101,0107000,2010
33860,00000,"MONTGOMERY, AL",GSE,S,0185000,0647200,0828700,1001650,1244850,AL,101,ALABAMA,MONTGOMERY,,20220101,0185000,2021
19460,00000,"DECATUR, AL",GSE,S,0159000,0647200,0828700,1001650,1244850,AL,103,ALABAMA,MORGAN,,20220101,0159000,2021
99999,00000,NON-METRO,GSE,S,0084000,0647200,0828700,1001650,1244850,AL,105,ALABAMA,PERRY,,20220101,0084000,2021
46220,00000,"TUSCALOOSA, AL",GSE,S,0200000,0647200,0828700,1001650,1244850,AL,107,ALABAMA,PICKENS,,20220101,0288000,2015
45980,00000,"TROY, AL",GSE,S,0129000,0647200,0828700,1001650,1244850,AL,109,ALABAMA,PIKE,,20220101,0134000,2020
99999,00000,NON-METRO,GSE,S,0115000,0647200,0828700,1001650,1244850,AL,111,ALABAMA,RANDOLPH,,20220101,0115000,2021
17980,00000,"COLUMBUS, GA-AL",GSE,S,0261000,0647200,0828700,1001650,1244850,AL,113,ALABAMA,RUSSELL,,20220101,0261000,2021
13820,00000,"BIRMINGHAM-HOOVER, AL",GSE,S,0255000,0647200,0828700,1001650,1244850,AL,115,ALABAMA,ST. CLAIR,,20220101,0255000,2021
13820,00000,"BIRMINGHAM-HOOVER, AL",GSE,S,0255000,0647200,0828700,1001650,1244850,AL,117,ALABAMA,SHELBY,,20220101,0255000,2021
99999,00000,NON-METRO,GSE,S,0089000,0647200,0828700,1001650,1244850,AL,119,ALABAMA,SUMTER,,20220101,0089000,2021
45180,00000,"TALLADEGA-SYLACAUGA, AL",GSE,S,0105000,0647200,0828700,1001650,1244850,AL,121,ALABAMA,TALLADEGA,,20220101,0158000,2009
10760,00000,"ALEXANDER CITY, AL",GSE,S,0131000,0647200,0828700,1001650,1244850,AL,123,ALABAMA,TALLAPOOSA,,20220101,0195000,2016
46220,00000,"TUSCALOOSA, AL",GSE,S,0200000,0647200,0828700,1001650,1244850,AL,125,ALABAMA,TUSCALOOSA,,20220101,0288000,2015
27530,00000,"JASPER, AL",GSE,S,0077000,0647200,0828700,1001650,1244850,AL,127,ALABAMA,WALKER,,20220101,0086000,2008
33660,00000,"MOBILE, AL",GSE,S,0135000,0647200,0828700,1001650,1244850,AL,129,ALABAMA,WASHINGTON,,20220101,0145000,2008
99999,00000,NON-METRO,GSE,S,0095000,0647200,0828700,1001650,1244850,AL,131,ALABAMA,WILCOX,,20220101,0095000,2021
99999,00000,NON-METRO,GSE,S,0114000,0647200,0828700,1001650,1244850,AL,133,ALABAMA,WINSTON,,20220101,0114000,2021
99999,00000,NON-METRO,GSE,S,0097000,0647200,0828700,1001650,1244850,AR,001,ARKANSAS,ARKANSAS,,20220101,0097000,2021
99999,00000,NON-METRO,GSE,S,0058000,0647200,0828700,1001650,1244850,AR,003,ARKANSAS,ASHLEY,,20220101,0079000,2013
34260,00000,"MOUNTAIN HOME, AR",GSE,S,0135000,0647200,0828700,1001650,1244850,AR,005,ARKANSAS,BAXTER,,20220101,0135000,2021
22220,00000,"FAYETTEVILLE-SPRINGDALE-ROGERS, AR",GSE,S,0241000,0647200,0828700,1001650,1244850,AR,007,ARKANSAS,BENTON,,20220101,0241000,2021
25460,00000,"HARRISON, AR",GSE,S,0134000,0647200,0828700,1001650,1244850,AR,009,ARKANSAS,BOONE,,20220101,0134000,2021
99999,00000,NON-METRO,GSE,S,0060000,0647200,0828700,1001650,1244850,AR,011,ARKANSAS,BRADLEY,,20220101,0065000,2019
15780,00000,"CAMDEN, AR",GSE,S,0069000,0647200,0828700,1001650,1244850,AR,013,ARKANSAS,CALHOUN,,20220101,0173000,2009
99999,00000,NON-METRO,GSE,S,0155000,0647200,0828700,1001650,1244850,AR,015,ARKANSAS,CARROLL,,20220101,0155000,2021
99999,00000,NON-METRO,GSE,S,0062000,0647200,0828700,1001650,1244850,AR,017,ARKANSAS,CHICOT,,20220101,0119000,2008
11660,00000,"ARKADELPHIA, AR",GSE,S,0100000,0647200,0828700,1001650,1244850,AR,019,ARKANSAS,CLARK,,20220101,0114000,2020
99999,00000,NON-METRO,GSE,S,0090000,0647200,0828700,1001650,1244850,AR,021,ARKANSAS,CLAY,,20220101,0090000,2021
99999,00000,NON-METRO,GSE,S,0141000,0647200,0828700,1001650,1244850,AR,023,ARKANSAS,CLEBURNE,,20220101,0141000,2021
38220,00000,"PINE BLUFF, AR",GSE,S,0115000,0647200,0828700,1001650,1244850,AR,025,ARKANSAS,CLEVELAND,,20220101,0115000,2021
31620,00000,"MAGNOLIA, AR",GSE,S,0104000,0647200,0828700,1001650,1244850,AR,027,ARKANSAS,COLUMBIA,,20220101,0110000,2009
99999,00000,NON-METRO,GSE,S,0126000,0647200,0828700,1001650,1244850,AR,029,ARKANSAS,CONWAY,,20220101,0126000,2021
27860,00000,"JONESBORO, AR",GSE,S,0168000,0647200,0828700,1001650,1244850,AR,031,ARKANSAS,CRAIGHEAD,,20220101,0168000,2021
22900,00000,"FORT SMITH, AR-OK",GSE,S,0145000,0647200,0828700,1001650,1244850,AR,033,ARKANSAS,CRAWFORD,,20220101,0175000,2020
32820,00000,"MEMPHIS, TN-MS-AR",GSE,S,0265000,0647200,0828700,1001650,1244850,AR,035,ARKANSAS,CRITTENDEN,,20220101,0265000,2021
99999,00000,NON-METRO,GSE,S,0097000,0647200,0828700,1001650,1244850,AR,037,ARKANSAS,CROSS,,20220101,0099000,2008
99999,00000,NON-METRO,GSE,S,0036000,0647200,0828700,1001650,1244850,AR,039,ARKANSAS,DALLAS,,20220101,0083000,2008
99999,00000,NON-METRO,GSE,S,0060000,0647200,0828700,1001650,1244850,AR,041,ARKANSAS,DESHA,,20220101,0060000,2020
99999,00000,NON-METRO,GSE,S,0116000,0647200,0828700,1001650,1244850,AR,043,ARKANSAS,DREW,,20220101,0116000,2021
30780,00000,"LITTLE ROCK-NORTH LITTLE ROCK-CONWAY, AR",GSE,S,0180000,0647200,0828700,1001650,1244850,AR,045,ARKANSAS,FAULKNER,,20220101,0180000,2021
22900,00000,"FORT SMITH, AR-OK",GSE,S,0145000,0647200,0828700,1001650,1244850,AR,047,ARKANSAS,FRANKLIN,,20220101,0175000,2020
99999,00000,NON-METRO,GSE,S,0101000,0647200,0828700,1001650,1244850,AR,049,ARKANSAS,FULTON,,20220101,0108000,2019
26300,00000,"HOT SPRINGS, AR",GSE,S,0164000,0647200,0828700,1001650,1244850,AR,051,ARKANSAS,GARLAND,,20220101,0164000,2021
30780,00000,"LITTLE ROCK-NORTH LITTLE ROCK-CONWAY, AR",GSE,S,0180000,0647200,0828700,1001650,1244850,AR,053,ARKANSAS,GRANT,,20220101,0180000,2021
37500,00000,"PARAGOULD, AR",GSE,S,0131000,0647200,0828700,1001650,1244850,AR,055,ARKANSAS,GREENE,,20220101,0131000,2021
26260,00000,"HOPE, AR",GSE,S,0078000,0647200,0828700,1001650,1244850,AR,057,ARKANSAS,HEMPSTEAD,,20220101,0078000,2021
31680,00000,"MALVERN, AR",GSE,S,0113000,0647200,0828700,1001650,1244850,AR,059,ARKANSAS,HOT SPRING,,20220101,0113000,2021
99999,00000,NON-METRO,GSE,S,0073000,0647200,0828700,1001650,1244850,AR,061,ARKANSAS,HOWARD,,20220101,0105000,2019
12900,00000,"BATESVILLE, AR",GSE,S,0109000,0647200,0828700,1001650,1244850,AR,063,ARKANSAS,INDEPENDENCE,,20220101,0109000,2021
99999,00000,NON-METRO,GSE,S,0097000,0647200,0828700,1001650,1244850,AR,065,ARKANSAS,IZARD,,20220101,0097000,2021
99999,00000,NON-METRO,GSE,S,0078000,0647200,0828700,1001650,1244850,AR,067,ARKANSAS,JACKSON,,20220101,0078000,2021
38220,00000,"PINE BLUFF, AR",GSE,S,0115000,0647200,0828700,1001650,1244850,AR,069,ARKANSAS,JEFFERSON,,20220101,0115000,2021
99999,00000,NON-METRO,GSE,S,0115000,0647200,0828700,1001650,1244850,AR,071,ARKANSAS,JOHNSON,,20220101,0121000,2020
99999,00000,NON-METRO,GSE,S,0059000,0647200,0828700,1001650,1244850,AR,073,ARKANSAS,LAFAYETTE,,20220101,0072000,2019
99999,00000,NON-METRO,GSE,S,0065000,0647200,0828700,1001650,1244850,AR,075,ARKANSAS,LAWRENCE,,20220101,0065000,2021
99999,00000,NON-METRO,GSE,S,0087000,0647200,0828700,1001650,1244850,AR,077,ARKANSAS,LEE,,20220101,0122000,2020
38220,00000,"PINE BLUFF, AR",GSE,S,0115000,0647200,0828700,1001650,1244850,AR,079,ARKANSAS,LINCOLN,,20220101,0115000,2021
45500,00000,"TEXARKANA, TX-AR",GSE,S,0167000,0647200,0828700,1001650,1244850,AR,081,ARKANSAS,LITTLE RIVER,,20220101,0167000,2021
99999,00000,NON-METRO,GSE,S,0116000,0647200,0828700,1001650,1244850,AR,083,ARKANSAS,LOGAN,,20220101,0116000,2021
30780,00000,"LITTLE ROCK-NORTH LITTLE ROCK-CONWAY, AR",GSE,S,0180000,0647200,0828700,1001650,1244850,AR,085,ARKANSAS,LONOKE,,20220101,0180000,2021
22220,00000,"FAYETTEVILLE-SPRINGDALE-ROGERS, AR",GSE,S,0241000,0647200,0828700,1001650,1244850,AR,087,ARKANSAS,MADISON,,20220101,0241000,2021
99999,00000,NON-METRO,GSE,S,0141000,0647200,0828700,1001650,1244850,AR,089,ARKANSAS,MARION,,20220101,0141000,2021
45500,00000,"TEXARKANA, TX-AR",GSE,S,0167000,0647200,0828700,1001650,1244850,AR,091,ARKANSAS,MILLER,,20220101,0167000,2021
14180,00000,"BLYTHEVILLE, AR",GSE,S,0083000,0647200,0828700,1001650,1244850,AR,093,ARKANSAS,MISSISSIPPI,,20220101,0108000,2019
99999,00000,NON-METRO,GSE,S,0072000,0647200,0828700,1001650,1244850,AR,095,ARKANSAS,MONROE,,20220101,0073000,2020
99999,00000,NON-METRO,GSE,S,0120000,0647200,0828700,1001650,1244850,AR,097,ARKANSAS,MONTGOMERY,,20220101,0120000,2020
26260,00000,"HOPE, AR",GSE,S,0078000,0647200,0828700,1001650,1244850,AR,099,ARKANSAS,NEVADA,,20220101,0078000,2021
25460,00000,"HARRISON, AR",GSE,S,0134000,0647200,0828700,1001650,1244850,AR,101,ARKANSAS,NEWTON,,20220101,0134000,2021
15780,00000,"CAMDEN, AR",GSE,S,0069000,0647200,0828700,1001650,1244850,AR,103,ARKANSAS,OUACHITA,,20220101,0173000,2009
30780,00000,"LITTLE ROCK-NORTH LITTLE ROCK-CONWAY, AR",GSE,S,0180000,0647200,0828700,1001650,1244850,AR,105,ARKANSAS,PERRY,,20220101,0180000,2021
25760,00000,"HELENA-WEST HELENA, AR",GSE,S,0035000,0647200,0828700,1001650,1244850,AR,107,ARKANSAS,PHILLIPS,,20220101,0065000,2013
99999,00000,NON-METRO,GSE,S,0099000,0647200,0828700,1001650,1244850,AR,109,ARKANSAS,PIKE,,20220101,0149000,2020
27860,00000,"JONESBORO, AR",GSE,S,0168000,0647200,0828700,1001650,1244850,AR,111,ARKANSAS,POINSETT,,20220101,0168000,2021
99999,00000,NON-METRO,GSE,S,0100000,0647200,0828700,1001650,1244850,AR,113,ARKANSAS,POLK,,20220101,0100000,2021
40780,00000,"RUSSELLVILLE, AR",GSE,S,0145000,0647200,0828700,1001650,1244850,AR,115,ARKANSAS,POPE,,20220101,0145000,2021
99999,00000,NON-METRO,GSE,S,0079000,0647200,0828700,1001650,1244850,AR,117,ARKANSAS,PRAIRIE,,20220101,0096000,2013
30780,00000,"LITTLE ROCK-NORTH LITTLE ROCK-CONWAY, AR",GSE,S,0180000,0647200,0828700,1001650,1244850,AR,119,ARKANSAS,PULASKI,,20220101,0180000,2021
99999,00000,NON-METRO,GSE,S,0084000,0647200,0828700,1001650,1244850,AR,121,ARKANSAS,RANDOLPH,,20220101,0084000,2021
22620,00000,"FORREST CITY, AR",GSE,S,0055000,0647200,0828700,1001650,1244850,AR,123,ARKANSAS,ST. FRANCIS,,20220101,0060000,2017
30780,00000,"LITTLE ROCK-NORTH LITTLE ROCK-CONWAY, AR",GSE,S,0180000,0647200,0828700,1001650,1244850,AR,125,ARKANSAS,SALINE,,20220101,0180000,2021
99999,00000,NON-METRO,GSE,S,0063000,0647200,0828700,1001650,1244850,AR,127,ARKANSAS,SCOTT,,20220101,0065000,2017
99999,00000,NON-METRO,GSE,S,0075000,0647200,0828700,1001650,1244850,AR,129,ARKANSAS,SEARCY,,20220101,0075000,2021
22900,00000,"FORT SMITH, AR-OK",GSE,S,0145000,0647200,0828700,1001650,1244850,AR,131,ARKANSAS,SEBASTIAN,,20220101,0175000,2020
99999,00000,NON-METRO,GSE,S,0073000,0647200,0828700,1001650,1244850,AR,133,ARKANSAS,SEVIER,,20220101,0091000,2020
12900,00000,"BATESVILLE, AR",GSE,S,0109000,0647200,0828700,1001650,1244850,AR,135,ARKANSAS,SHARP,,20220101,0109000,2021
99999,00000,NON-METRO,GSE,S,0141000,0647200,0828700,1001650,1244850,AR,137,ARKANSAS,STONE,,20220101,0141000,2021
20980,00000,"EL DORADO, AR",GSE,S,0105000,0647200,0828700,1001650,1244850,AR,139,ARKANSAS,UNION,,20220101,0115000,2009
99999,00000,NON-METRO,GSE,S,0094000,0647200,0828700,1001650,1244850,AR,141,ARKANSAS,VAN BUREN,,20220101,0094000,2021
22220,00000,"FAYETTEVILLE-SPRINGDALE-ROGERS, AR",GSE,S,0241000,0647200,0828700,1001650,1244850,AR,143,ARKANSAS,WASHINGTON,,20220101,0241000,2021
42620,00000,"SEARCY, AR",GSE,S,0130000,0647200,0828700,1001650,1244850,AR,145,ARKANSAS,WHITE,,20220101,0130000,2021
99999,00000,NON-METRO,GSE,S,0050000,0647200,0828700,1001650,1244850,AR,147,ARKANSAS,WOODRUFF,,20220101,0075000,2020
40780,00000,"RUSSELLVILLE, AR",GSE,S,0145000,0647200,0828700,1001650,1244850,AR,149,ARKANSAS,YELL,,20220101,0145000,2021
99999,00000,NON-METRO,GSE,S,0106000,0647200,0828700,1001650,1244850,AS,010,AMERICAN SAMOA,EASTERN DISTRIC,,20220101,0122000,2008
99999,00000,NON-METRO,GSE,S,0090000,0647200,0828700,1001650,1244850,AS,020,AMERICAN SAMOA,MANU'A DISTRICT,,20220101,0230000,2008
99999,00000,NON-METRO,GSE,S,0107000,0647200,0828700,1001650,1244850,AS,030,AMERICAN SAMOA,ROSE ISLAND,,20220101,0128000,2008
99999,00000,NON-METRO,GSE,S,0029000,0647200,0828700,1001650,1244850,AS,040,AMERICAN SAMOA,SWAINS ISLAND,,20220101,0062000,2008
99999,00000,NON-METRO,GSE,S,0110000,0647200,0828700,1001650,1244850,AS,050,AMERICAN SAMOA,WESTERN DISTRIC,,20220101,0125000,2008
99999,00000,NON-METRO,GSE,S,0130000,0647200,0828700,1001650,1244850,AZ,001,ARIZONA,APACHE,,20220101,0150000,2008
43420,00000,"SIERRA VISTA-DOUGLAS, AZ",GSE,S,0179000,0647200,0828700,1001650,1244850,AZ,003,ARIZONA,COCHISE,,20220101,0179000,2021
22380,00000,"FLAGSTAFF, AZ",GSE,S,0368000,0647200,0828700,1001650,1244850,AZ,005,ARIZONA,COCONINO,,20220101,0368000,2021
37740,00000,"PAYSON, AZ",GSE,S,0239000,0647200,0828700,1001650,1244850,AZ,007,ARIZONA,GILA,,20220101,0239000,2021
40940,00000,"SAFFORD, AZ",GSE,S,0184000,0647200,0828700,1001650,1244850,AZ,009,ARIZONA,GRAHAM,,20220101,0184000,2021
99999,00000,NON-METRO,GSE,S,0085000,0647200,0828700,1001650,1244850,AZ,011,ARIZONA,GREENLEE,,20220101,0124000,2017
99999,00000,NON-METRO,GSE,S,0099000,0647200,0828700,1001650,1244850,AZ,012,ARIZONA,LA PAZ,,20220101,0099000,2021
38060,00000,"PHOENIX-MESA-CHANDLER, AZ",GSE,S,0384000,0647200,0828700,1001650,1244850,AZ,013,ARIZONA,MARICOPA,,20220101,0384000,2021
29420,00000,"LAKE HAVASU CITY-KINGMAN, AZ",GSE,S,0212000,0647200,0828700,1001650,1244850,AZ,015,ARIZONA,MOHAVE,,20220101,0212000,2021
43320,00000,"SHOW LOW, AZ",GSE,S,0188000,0647200,0828700,1001650,1244850,AZ,017,ARIZONA,NAVAJO,,20220101,0188000,2021
46060,00000,"TUCSON, AZ",GSE,S,0285000,0647200,0828700,1001650,1244850,AZ,019,ARIZONA,PIMA,,20220101,0285000,2021
38060,00000,"PHOENIX-MESA-CHANDLER, AZ",GSE,S,0384000,0647200,0828700,1001650,1244850,AZ,021,ARIZONA,PINAL,,20220101,0384000,2021
35700,00000,"NOGALES, AZ",GSE,S,0197000,0647200,0828700,1001650,1244850,AZ,023,ARIZONA,SANTA CRUZ,,20220101,0197000,2021
39150,00000,"PRESCOTT VALLEY-PRESCOTT, AZ",GSE,S,0329000,0647200,0828700,1001650,1244850,AZ,025,ARIZONA,YAVAPAI,,20220101,0329000,2021
49740,00000,"YUMA, AZ",GSE,S,0185000,0647200,0828700,1001650,1244850,AZ,027,ARIZONA,YUMA,,20220101,0185000,2021
41860,36084,"SAN FRANCISCO-OAKLAND-BERKELEY, CA",GSE,H,1629000,0970800,1243050,1502475,1867275,CA,001,CALIFORNIA,ALAMEDA,,20220101,1629000,2021
99999,00000,NON-METRO,GSE,S,0249000,0647200,0828700,1001650,1244850,CA,003,CALIFORNIA,ALPINE,,20220101,0403000,2008
99999,00000,NON-METRO,GSE,S,0350000,0647200,0828700,1001650,1244850,CA,005,CALIFORNIA,AMADOR,,20220101,0350000,2021
17020,00000,"CHICO, CA",GSE,S,0266000,0647200,0828700,1001650,1244850,CA,007,CALIFORNIA,BUTTE,,20220101,0280000,2019
99999,00000,NON-METRO,GSE,S,0345000,0647200,0828700,1001650,1244850,CA,009,CALIFORNIA,CALAVERAS,,20220101,0345000,2021
99999,00000,NON-METRO,GSE,S,0308000,0647200,0828700,1001650,1244850,CA,011,CALIFORNIA,COLUSA,,20220101,0308000,2021
41860,36084,"SAN FRANCISCO-OAKLAND-BERKELEY, CA",GSE,H,1629000,0970800,1243050,1502475,1867275,CA,013,CALIFORNIA,CONTRA COSTA,,20220101,1629000,2021
18860,00000,"CRESCENT CITY, CA",GSE,S,0249000,0647200,0828700,1001650,1244850,CA,015,CALIFORNIA,DEL NORTE,,20220101,0249000,2021
40900,00000,"SACRAMENTO-ROSEVILLE-FOLSOM, CA",GSE,H,0587000,0675050,0864200,1044600,1298200,CA,017,CALIFORNIA,EL DORADO,,20220101,0587000,2021
23420,00000,"FRESNO, CA",GSE,S,0340000,0647200,0828700,1001650,1244850,CA,019,CALIFORNIA,FRESNO,,20220101,0340000,2021
99999,00000,NON-METRO,GSE,S,0275000,0647200,0828700,1001650,1244850,CA,021,CALIFORNIA,GLENN,,20220101,0275000,2021
21700,00000,"EUREKA-ARCATA, CA",GSE,S,0351000,0647200,0828700,1001650,1244850,CA,023,CALIFORNIA,HUMBOLDT,,20220101,0351000,2021
20940,00000,"EL CENTRO, CA",GSE,S,0273000,0647200,0828700,1001650,1244850,CA,025,CALIFORNIA,IMPERIAL,,20220101,0273000,2021
99999,00000,NON-METRO,GSE,S,0375000,0647200,0828700,1001650,1244850,CA,027,CALIFORNIA,INYO,,20220101,0375000,2021
12540,00000,"BAKERSFIELD, CA",GSE,S,0280000,0647200,0828700,1001650,1244850,CA,029,CALIFORNIA,KERN,,20220101,0280000,2021
25260,00000,"HANFORD-CORCORAN, CA",GSE,S,0290000,0647200,0828700,1001650,1244850,CA,031,CALIFORNIA,KINGS,,20220101,0290000,2021
17340,00000,"CLEARLAKE, CA",GSE,S,0245000,0647200,0828700,1001650,1244850,CA,033,CALIFORNIA,LAKE,,20220101,0245000,2021
45000,00000,"SUSANVILLE, CA",GSE,S,0185000,0647200,0828700,1001650,1244850,CA,035,CALIFORNIA,LASSEN,,20220101,0190000,2008
31080,31084,"LOS ANGELES-LONG BEACH-ANAHEIM, CA",GSE,H,0955000,0970800,1243050,1502475,1867275,CA,037,CALIFORNIA,LOS ANGELES,,20220101,0955000,2021
31460,00000,"MADERA, CA",GSE,S,0337000,0647200,0828700,1001650,1244850,CA,039,CALIFORNIA,MADERA,,20220101,0337000,2021
41860,42034,"SAN FRANCISCO-OAKLAND-BERKELEY, CA",GSE,H,1629000,0970800,1243050,1502475,1867275,CA,041,CALIFORNIA,MARIN,,20220101,1629000,2021
99999,00000,NON-METRO,GSE,S,0289000,0647200,0828700,1001650,1244850,CA,043,CALIFORNIA,MARIPOSA,,20220101,0289000,2021
46380,00000,"UKIAH, CA",GSE,S,0440000,0647200,0828700,1001650,1244850,CA,045,CALIFORNIA,MENDOCINO,,20220101,0440000,2021
32900,00000,"MERCED, CA",GSE,S,0348000,0647200,0828700,1001650,1244850,CA,047,CALIFORNIA,MERCED,,20220101,0348000,2021
99999,00000,NON-METRO,GSE,S,0130000,0647200,0828700,1001650,1244850,CA,049,CALIFORNIA,MODOC,,20220101,0151000,2009
99999,00000,NON-METRO,GSE,S,0490000,0647200,0828700,1001650,1244850,CA,051,CALIFORNIA,MONO,,20220101,0490000,2021
41500,00000,"SALINAS, CA",GSE,H,0743000,0854450,1093850,1322200,1643200,CA,053,CALIFORNIA,MONTEREY,,20220101,0743000,2021
34900,00000,"NAPA, CA",GSE,H,0780000,0897000,1148350,1388050,1725050,CA,055,CALIFORNIA,NAPA,,20220101,0780000,2021
46020,00000,"TRUCKEE-GRASS VALLEY, CA",GSE,S,0530000,0647200,0828700,1001650,1244850,CA,057,CALIFORNIA,NEVADA,,20220101,0530000,2021
31080,11244,"LOS ANGELES-LONG BEACH-ANAHEIM, CA",GSE,H,0955000,0970800,1243050,1502475,1867275,CA,059,CALIFORNIA,ORANGE,,20220101,0955000,2021
40900,00000,"SACRAMENTO-ROSEVILLE-FOLSOM, CA",GSE,H,0587000,0675050,0864200,1044600,1298200,CA,061,CALIFORNIA,PLACER,,20220101,0587000,2021
99999,00000,NON-METRO,GSE,S,0275000,0647200,0828700,1001650,1244850,CA,063,CALIFORNIA,PLUMAS,,20220101,0293000,2008
40140,00000,"RIVERSIDE-SAN BERNARDINO-ONTARIO, CA",GSE,S,0489000,0647200,0828700,1001650,1244850,CA,065,CALIFORNIA,RIVERSIDE,,20220101,0489000,2021
40900,00000,"SACRAMENTO-ROSEVILLE-FOLSOM, CA",GSE,H,0587000,0675050,0864200,1044600,1298200,CA,067,CALIFORNIA,SACRAMENTO,,20220101,0587000,2021
41940,00000,"SAN JOSE-SUNNYVALE-SANTA CLARA, CA",GSE,H,1421000,0970800,1243050,1502475,1867275,CA,069,CALIFORNIA,SAN BENITO,,20220101,1421000,2021
40140,00000,"RIVERSIDE-SAN BERNARDINO-ONTARIO, CA",GSE,S,0489000,0647200,0828700,1001650,1244850,CA,071,CALIFORNIA,SAN BERNARDINO,,20220101,0489000,2021
41740,00000,"SAN DIEGO-CHULA VISTA-CARLSBAD, CA",GSE,H,0765000,0879750,1126250,1361350,1691850,CA,073,CALIFORNIA,SAN DIEGO,,20220101,0765000,2021
41860,41884,"SAN FRANCISCO-OAKLAND-BERKELEY, CA",GSE,H,1629000,0970800,1243050,1502475,1867275,CA,075,CALIFORNIA,SAN FRANCISCO,,20220101,1629000,2021
44700,00000,"STOCKTON, CA",GSE,S,0490000,0647200,0828700,1001650,1244850,CA,077,CALIFORNIA,SAN JOAQUIN,,20220101,0490000,2021
42020,00000,"SAN LUIS OBISPO-PASO ROBLES, CA",GSE,H,0700000,0805000,1030550,1245700,1548100,CA,079,CALIFORNIA,SAN LUIS OBISPO,,20220101,0700000,2021
41860,41884,"SAN FRANCISCO-OAKLAND-BERKELEY, CA",GSE,H,1629000,0970800,1243050,1502475,1867275,CA,081,CALIFORNIA,SAN MATEO,,20220101,1629000,2021
42200,00000,"SANTA MARIA-SANTA BARBARA, CA",GSE,H,0681000,0783150,1002600,1211900,1506100,CA,083,CALIFORNIA,SANTA BARBARA,,20220101,0681000,2021
41940,00000,"SAN JOSE-SUNNYVALE-SANTA CLARA, CA",GSE,H,1421000,0970800,1243050,1502475,1867275,CA,085,CALIFORNIA,SANTA CLARA,,20220101,1421000,2021
42100,00000,"SANTA CRUZ-WATSONVILLE, CA",GSE,H,0945000,0970800,1243050,1502475,1867275,CA,087,CALIFORNIA,SANTA CRUZ,,20220101,0945000,2021
39820,00000,"REDDING, CA",GSE,S,0312000,0647200,0828700,1001650,1244850,CA,089,CALIFORNIA,SHASTA,,20220101,0312000,2021
99999,00000,NON-METRO,GSE,S,0250000,0647200,0828700,1001650,1244850,CA,091,CALIFORNIA,SIERRA,,20220101,0265000,2009
99999,00000,NON-METRO,GSE,S,0185000,0647200,0828700,1001650,1244850,CA,093,CALIFORNIA,SISKIYOU,,20220101,0185000,2008
46700,00000,"VALLEJO, CA",GSE,S,0534000,0647200,0828700,1001650,1244850,CA,095,CALIFORNIA,SOLANO,,20220101,0534000,2021
42220,00000,"SANTA ROSA-PETALUMA, CA",GSE,H,0665000,0764750,0979000,1183400,1470700,CA,097,CALIFORNIA,SONOMA,,20220101,0665000,2021
33700,00000,"MODESTO, CA",GSE,S,0400000,0647200,0828700,1001650,1244850,CA,099,CALIFORNIA,STANISLAUS,,20220101,0400000,2021
49700,00000,"YUBA CITY, CA",GSE,S,0366000,0647200,0828700,1001650,1244850,CA,101,CALIFORNIA,SUTTER,,20220101,0366000,2021
39780,00000,"RED BLUFF, CA",GSE,S,0260000,0647200,0828700,1001650,1244850,CA,103,CALIFORNIA,TEHAMA,,20220101,0260000,2021
99999,00000,NON-METRO,GSE,S,0240000,0647200,0828700,1001650,1244850,CA,105,CALIFORNIA,TRINITY,,20220101,0240000,2021
47300,00000,"VISALIA, CA",GSE,S,0290000,0647200,0828700,1001650,1244850,CA,107,CALIFORNIA,TULARE,,20220101,0290000,2021
43760,00000,"SONORA, CA",GSE,S,0327000,0647200,0828700,1001650,1244850,CA,109,CALIFORNIA,TUOLUMNE,,20220101,0327000,2021
37100,00000,"OXNARD-THOUSAND OAKS-VENTURA, CA",GSE,H,0740000,0851000,1089450,1316900,1636550,CA,111,CALIFORNIA,VENTURA,,20220101,0740000,2021
40900,00000,"SACRAMENTO-ROSEVILLE-FOLSOM, CA",GSE,H,0587000,0675050,0864200,1044600,1298200,CA,113,CALIFORNIA,YOLO,,20220101,0587000,2021
49700,00000,"YUBA CITY, CA",GSE,S,0366000,0647200,0828700,1001650,1244850,CA,115,CALIFORNIA,YUBA,,20220101,0366000,2021
19740,00000,"DENVER-AURORA-LAKEWOOD, CO",GSE,H,0595000,0684250,0875950,1058850,1315900,CO,001,COLORADO,ADAMS,,20220101,0595000,2021
99999,00000,NON-METRO,GSE,S,0187000,0647200,0828700,1001650,1244850,CO,003,COLORADO,ALAMOSA,,20220101,0187000,2021
19740,00000,"DENVER-AURORA-LAKEWOOD, CO",GSE,H,0595000,0684250,0875950,1058850,1315900,CO,005,COLORADO,ARAPAHOE,,20220101,0595000,2021
99999,00000,NON-METRO,GSE,S,0275000,0647200,0828700,1001650,1244850,CO,007,COLORADO,ARCHULETA,,20220101,0287000,2020
99999,00000,NON-METRO,GSE,S,0051000,0647200,0828700,1001650,1244850,CO,009,COLORADO,BACA,,20220101,0074000,2009
99999,00000,NON-METRO,GSE,S,0128000,0647200,0828700,1001650,1244850,CO,011,COLORADO,BENT,,20220101,0128000,2021
14500,00000,"BOULDER, CO",GSE,H,0650000,0747500,0956950,1156700,1437500,CO,013,COLORADO,BOULDER,,20220101,0650000,2021
19740,00000,"DENVER-AURORA-LAKEWOOD, CO",GSE,H,0595000,0684250,0875950,1058850,1315900,CO,014,COLORADO,BROOMFIELD,,20220101,0595000,2021
99999,00000,NON-METRO,GSE,S,0401000,0647200,0828700,1001650,1244850,CO,015,COLORADO,CHAFFEE,,20220101,0401000,2021
99999,00000,NON-METRO,GSE,S,0078000,0647200,0828700,1001650,1244850,CO,017,COLORADO,CHEYENNE,,20220101,0116000,2009
19740,00000,"DENVER-AURORA-LAKEWOOD, CO",GSE,H,0595000,0684250,0875950,1058850,1315900,CO,019,COLORADO,CLEAR CREEK,,20220101,0595000,2021
99999,00000,NON-METRO,GSE,S,0106000,0647200,0828700,1001650,1244850,CO,021,COLORADO,CONEJOS,,20220101,0134000,2019
99999,00000,NON-METRO,GSE,S,0049000,0647200,0828700,1001650,1244850,CO,023,COLORADO,COSTILLA,,20220101,0111000,2017
99999,00000,NON-METRO,GSE,S,0097000,0647200,0828700,1001650,1244850,CO,025,COLORADO,CROWLEY,,20220101,0097000,2021
99999,00000,NON-METRO,GSE,S,0257000,0647200,0828700,1001650,1244850,CO,027,COLORADO,CUSTER,,20220101,0257000,2021
99999,00000,NON-METRO,GSE,S,0250000,0647200,0828700,1001650,1244850,CO,029,COLORADO,DELTA,,20220101,0250000,2021
19740,00000,"DENVER-AURORA-LAKEWOOD, CO",GSE,H,0595000,0684250,0875950,1058850,1315900,CO,031,COLORADO,DENVER,,20220101,0595000,2021
99999,00000,NON-METRO,GSE,S,0175000,0647200,0828700,1001650,1244850,CO,033,COLORADO,DOLORES,,20220101,0175000,2021
19740,00000,"DENVER-AURORA-LAKEWOOD, CO",GSE,H,0595000,0684250,0875950,1058850,1315900,CO,035,COLORADO,DOUGLAS,,20220101,0595000,2021
20780,00000,"EDWARDS, CO",GSE,H,0750000,0862500,1104150,1334700,1658700,CO,037,COLORADO,EAGLE,,20220101,0750000,2021
19740,00000,"DENVER-AURORA-LAKEWOOD, CO",GSE,H,0595000,0684250,0875950,1058850,1315900,CO,039,COLORADO,ELBERT,,20220101,0595000,2021
17820,00000,"COLORADO SPRINGS, CO",GSE,S,0400000,0647200,0828700,1001650,1244850,CO,041,COLORADO,EL PASO,,20220101,0400000,2021
15860,00000,"CANON CITY, CO",GSE,S,0240000,0647200,0828700,1001650,1244850,CO,043,COLORADO,FREMONT,,20220101,0240000,2021
24060,00000,"GLENWOOD SPRINGS, CO",GSE,H,0745000,0856750,1096800,1325800,1647650,CO,045,COLORADO,GARFIELD,,20220101,0745000,2021
19740,00000,"DENVER-AURORA-LAKEWOOD, CO",GSE,H,0595000,0684250,0875950,1058850,1315900,CO,047,COLORADO,GILPIN,,20220101,0595000,2021
99999,00000,NON-METRO,GSE,S,0465000,0647200,0828700,1001650,1244850,CO,049,COLORADO,GRAND,,20220101,0465000,2021
99999,00000,NON-METRO,GSE,S,0375000,0647200,0828700,1001650,1244850,CO,051,COLORADO,GUNNISON,,20220101,0375000,2021
99999,00000,NON-METRO,GSE,S,0287000,0647200,0828700,1001650,1244850,CO,053,COLORADO,HINSDALE,,20220101,0372000,2009
99999,00000,NON-METRO,GSE,S,0155000,0647200,0828700,1001650,1244850,CO,055,COLORADO,HUERFANO,,20220101,0155000,2021
99999,00000,NON-METRO,GSE,S,0165000,0647200,0828700,1001650,1244850,CO,057,COLORADO,JACKSON,,20220101,0167000,2019
19740,00000,"DENVER-AURORA-LAKEWOOD, CO",GSE,H,0595000,0684250,0875950,1058850,1315900,CO,059,COLORADO,JEFFERSON,,20220101,0595000,2021
99999,00000,NON-METRO,GSE,S,0088000,0647200,0828700,1001650,1244850,CO,061,COLORADO,KIOWA,,20220101,0088000,2021
99999,00000,NON-METRO,GSE,S,0157000,0647200,0828700,1001650,1244850,CO,063,COLORADO,KIT CARSON,,20220101,0157000,2021
99999,00000,NON-METRO,GSE,S,0275000,0647200,0828700,1001650,1244850,CO,065,COLORADO,LAKE,,20220101,0710000,2008
20420,00000,"DURANGO, CO",GSE,S,0430000,0647200,0828700,1001650,1244850,CO,067,COLORADO,LA PLATA,,20220101,0430000,2021
22660,00000,"FORT COLLINS, CO",GSE,S,0454000,0647200,0828700,1001650,1244850,CO,069,COLORADO,LARIMER,,20220101,0454000,2021
99999,00000,NON-METRO,GSE,S,0130000,0647200,0828700,1001650,1244850,CO,071,COLORADO,LAS ANIMAS,,20220101,0157000,2008
99999,00000,NON-METRO,GSE,S,0162000,0647200,0828700,1001650,1244850,CO,073,COLORADO,LINCOLN,,20220101,0162000,2021
44540,00000,"STERLING, CO",GSE,S,0175000,0647200,0828700,1001650,1244850,CO,075,COLORADO,LOGAN,,20220101,0175000,2021
24300,00000,"GRAND JUNCTION, CO",GSE,S,0300000,0647200,0828700,1001650,1244850,CO,077,COLORADO,MESA,,20220101,0300000,2021
99999,00000,NON-METRO,GSE,S,0260000,0647200,0828700,1001650,1244850,CO,079,COLORADO,MINERAL,,20220101,0300000,2020
18780,00000,"CRAIG, CO",GSE,S,0200000,0647200,0828700,1001650,1244850,CO,081,COLORADO,MOFFAT,,20220101,0200000,2021
99999,00000,NON-METRO,GSE,S,0237000,0647200,0828700,1001650,1244850,CO,083,COLORADO,MONTEZUMA,,20220101,0237000,2021
33940,00000,"MONTROSE, CO",GSE,S,0290000,0647200,0828700,1001650,1244850,CO,085,COLORADO,MONTROSE,,20220101,0370000,2009
22820,00000,"FORT MORGAN, CO",GSE,S,0264000,0647200,0828700,1001650,1244850,CO,087,COLORADO,MORGAN,,20220101,0264000,2021
99999,00000,NON-METRO,GSE,S,0105000,0647200,0828700,1001650,1244850,CO,089,COLORADO,OTERO,,20220101,0109000,2017
33940,00000,"MONTROSE, CO",GSE,S,0290000,0647200,0828700,1001650,1244850,CO,091,COLORADO,OURAY,,20220101,0370000,2009
19740,00000,"DENVER-AURORA-LAKEWOOD, CO",GSE,H,0595000,0684250,0875950,1058850,1315900,CO,093,COLORADO,PARK,,20220101,0595000,2021
99999,00000,NON-METRO,GSE,S,0172000,0647200,0828700,1001650,1244850,CO,095,COLORADO,PHILLIPS,,20220101,0172000,2021
24060,00000,"GLENWOOD SPRINGS, CO",GSE,H,0745000,0856750,1096800,1325800,1647650,CO,097,COLORADO,PITKIN,,20220101,0745000,2021
99999,00000,NON-METRO,GSE,S,0124000,0647200,0828700,1001650,1244850,CO,099,COLORADO,PROWERS,,20220101,0124000,2021
39380,00000,"PUEBLO, CO",GSE,S,0235000,0647200,0828700,1001650,1244850,CO,101,COLORADO,PUEBLO,,20220101,0235000,2021
99999,00000,NON-METRO,GSE,S,0219000,0647200,0828700,1001650,1244850,CO,103,COLORADO,RIO BLANCO,,20220101,0219000,2021
99999,00000,NON-METRO,GSE,S,0164000,0647200,0828700,1001650,1244850,CO,105,COLORADO,RIO GRANDE,,20220101,0164000,2021
44460,00000,"STEAMBOAT SPRINGS, CO",GSE,H,0585000,0678500,0868600,1049950,1304850,CO,107,COLORADO,ROUTT,,20210101,0590000,2020
99999,00000,NON-METRO,GSE,S,0175000,0647200,0828700,1001650,1244850,CO,109,COLORADO,SAGUACHE,,20220101,0175000,2021
99999,00000,NON-METRO,GSE,S,0158000,0647200,0828700,1001650,1244850,CO,111,COLORADO,SAN JUAN,,20220101,0233000,2014
99999,00000,NON-METRO,GSE,H,0658000,0756700,0968700,1170950,1455200,CO,113,COLORADO,SAN MIGUEL,,20220101,0658000,2021
99999,00000,NON-METRO,GSE,S,0102000,0647200,0828700,1001650,1244850,CO,115,COLORADO,SEDGWICK,,20220101,0102000,2021
14720,00000,"BRECKENRIDGE, CO",GSE,H,0670000,0822375,1053000,1272750,1581750,CO,117,COLORADO,SUMMIT,,20210101,0805000,2020
17820,00000,"COLORADO SPRINGS, CO",GSE,S,0400000,0647200,0828700,1001650,1244850,CO,119,COLORADO,TELLER,,20220101,0400000,2021
99999,00000,NON-METRO,GSE,S,0175000,0647200,0828700,1001650,1244850,CO,121,COLORADO,WASHINGTON,,20220101,0175000,2021
24540,00000,"GREELEY, CO",GSE,S,0420000,0647200,0828700,1001650,1244850,CO,123,COLORADO,WELD,,20220101,0420000,2021
99999,00000,NON-METRO,GSE,S,0150000,0647200,0828700,1001650,1244850,CO,125,COLORADO,YUMA,,20220101,0150000,2021
14860,00000,"BRIDGEPORT-STAMFORD-NORWALK, CT",GSE,H,0605000,0695750,0890700,1076650,1338000,CT,001,CONNECTICUT,FAIRFIELD,,20220101,0605000,2021
25540,00000,"HARTFORD-EAST HARTFORD-MIDDLETOWN, CT",GSE,S,0330000,0647200,0828700,1001650,1244850,CT,003,CONNECTICUT,HARTFORD,,20220101,0330000,2021
45860,00000,"TORRINGTON, CT",GSE,S,0301000,0647200,0828700,1001650,1244850,CT,005,CONNECTICUT,LITCHFIELD,,20220101,0311000,2008
25540,00000,"HARTFORD-EAST HARTFORD-MIDDLETOWN, CT",GSE,S,0330000,0647200,0828700,1001650,1244850,CT,007,CONNECTICUT,MIDDLESEX,,20220101,0330000,2021
35300,00000,"NEW HAVEN-MILFORD, CT",GSE,S,0285000,0647200,0828700,1001650,1244850,CT,009,CONNECTICUT,NEW HAVEN,,20220101,0285000,2021
35980,00000,"NORWICH-NEW LONDON, CT",GSE,S,0290000,0647200,0828700,1001650,1244850,CT,011,CONNECTICUT,NEW LONDON,,20220101,0290000,2021
25540,00000,"HARTFORD-EAST HARTFORD-MIDDLETOWN, CT",GSE,S,0330000,0647200,0828700,1001650,1244850,CT,013,CONNECTICUT,TOLLAND,,20220101,0330000,2021
49340,00000,"WORCESTER, MA-CT",GSE,S,0365000,0647200,0828700,1001650,1244850,CT,015,CONNECTICUT,WINDHAM,,20220101,0365000,2021
47900,47894,"WASHINGTON-ARLINGTON-ALEXANDRIA, DC-VA-MD-WV",GSE,H,0975000,0970800,1243050,1502475,1867275,DC,001,DISTRICT OF COLUMBIA,DISTRICT OF COL,,20220101,0975000,2021
20100,00000,"DOVER, DE",GSE,S,0270000,0647200,0828700,1001650,1244850,DE,001,DELAWARE,KENT,,20220101,0270000,2021
37980,48864,"PHILADELPHIA-CAMDEN-WILMINGTON, PA-NJ-DE-MD",GSE,S,0415000,0647200,0828700,1001650,1244850,DE,003,DELAWARE,NEW CASTLE,,20220101,0415000,2021
41540,00000,"SALISBURY, MD-DE",GSE,S,0325000,0647200,0828700,1001650,1244850,DE,005,DELAWARE,SUSSEX,,20220101,0325000,2021
23540,00000,"GAINESVILLE, FL",GSE,S,0240000,0647200,0828700,1001650,1244850,FL,001,FLORIDA,ALACHUA,,20220101,0240000,2021
27260,00000,"JACKSONVILLE, FL",GSE,S,0376000,0647200,0828700,1001650,1244850,FL,003,FLORIDA,BAKER,,20220101,0376000,2021
37460,00000,"PANAMA CITY, FL",GSE,S,0240000,0647200,0828700,1001650,1244850,FL,005,FLORIDA,BAY,,20220101,0240000,2021
99999,00000,NON-METRO,GSE,S,0152000,0647200,0828700,1001650,1244850,FL,007,FLORIDA,BRADFORD,,20220101,0152000,2021
37340,00000,"PALM BAY-MELBOURNE-TITUSVILLE, FL",GSE,S,0252000,0647200,0828700,1001650,1244850,FL,009,FLORIDA,BREVARD,,20220101,0252000,2021
33100,22744,"MIAMI-FORT LAUDERDALE-POMPANO BEACH, FL",GSE,S,0400000,0647200,0828700,1001650,1244850,FL,011,FLORIDA,BROWARD,,20220101,0400000,2021
99999,00000,NON-METRO,GSE,S,0065000,0647200,0828700,1001650,1244850,FL,013,FLORIDA,CALHOUN,,20220101,0079000,2009
39460,00000,"PUNTA GORDA, FL",GSE,S,0236000,0647200,0828700,1001650,1244850,FL,015,FLORIDA,CHARLOTTE,,20220101,0236000,2021
26140,00000,"HOMOSASSA SPRINGS, FL",GSE,S,0163000,0647200,0828700,1001650,1244850,FL,017,FLORIDA,CITRUS,,20220101,0163000,2021
27260,00000,"JACKSONVILLE, FL",GSE,S,0376000,0647200,0828700,1001650,1244850,FL,019,FLORIDA,CLAY,,20220101,0376000,2021
34940,00000,"NAPLES-MARCO ISLAND, FL",GSE,S,0480000,0647200,0828700,1001650,1244850,FL,021,FLORIDA,COLLIER,,20220101,0480000,2021
29380,00000,"LAKE CITY, FL",GSE,S,0142000,0647200,0828700,1001650,1244850,FL,023,FLORIDA,COLUMBIA,,20220101,0142000,2021
11580,00000,"ARCADIA, FL",GSE,S,0150000,0647200,0828700,1001650,1244850,FL,027,FLORIDA,DESOTO,,20220101,0150000,2021
99999,00000,NON-METRO,GSE,S,0078000,0647200,0828700,1001650,1244850,FL,029,FLORIDA,DIXIE,,20220101,0093000,2008
27260,00000,"JACKSONVILLE, FL",GSE,S,0376000,0647200,0828700,1001650,1244850,FL,031,FLORIDA,DUVAL,,20220101,0376000,2021
37860,00000,"PENSACOLA-FERRY PASS-BRENT, FL",GSE,S,0266000,0647200,0828700,1001650,1244850,FL,033,FLORIDA,ESCAMBIA,,20220101,0266000,2021
19660,00000,"DELTONA-DAYTONA BEACH-ORMOND BEACH, FL",GSE,S,0260000,0647200,0828700,1001650,1244850,FL,035,FLORIDA,FLAGLER,,20220101,0260000,2021
99999,00000,NON-METRO,GSE,S,0150000,0647200,0828700,1001650,1244850,FL,037,FLORIDA,FRANKLIN,,20220101,0213000,2009
45220,00000,"TALLAHASSEE, FL",GSE,S,0214000,0647200,0828700,1001650,1244850,FL,039,FLORIDA,GADSDEN,,20220101,0214000,2021
23540,00000,"GAINESVILLE, FL",GSE,S,0240000,0647200,0828700,1001650,1244850,FL,041,FLORIDA,GILCHRIST,,20220101,0240000,2021
99999,00000,NON-METRO,GSE,S,0130000,0647200,0828700,1001650,1244850,FL,043,FLORIDA,GLADES,,20220101,0130000,2021
99999,00000,NON-METRO,GSE,S,0190000,0647200,0828700,1001650,1244850,FL,045,FLORIDA,GULF,,20220101,0207000,2008
99999,00000,NON-METRO,GSE,S,0074000,0647200,0828700,1001650,1244850,FL,047,FLORIDA,HAMILTON,,20220101,0074000,2021
48100,00000,"WAUCHULA, FL",GSE,S,0080000,0647200,0828700,1001650,1244850,FL,049,FLORIDA,HARDEE,,20220101,0087000,2008
17500,00000,"CLEWISTON, FL",GSE,S,0140000,0647200,0828700,1001650,1244850,FL,051,FLORIDA,HENDRY,,20220101,0140000,2021
45300,00000,"TAMPA-ST. PETERSBURG-CLEARWATER, FL",GSE,S,0303000,0647200,0828700,1001650,1244850,FL,053,FLORIDA,HERNANDO,,20220101,0303000,2021
42700,00000,"SEBRING-AVON PARK, FL",GSE,S,0155000,0647200,0828700,1001650,1244850,FL,055,FLORIDA,HIGHLANDS,,20220101,0155000,2021
45300,00000,"TAMPA-ST. PETERSBURG-CLEARWATER, FL",GSE,S,0303000,0647200,0828700,1001650,1244850,FL,057,FLORIDA,HILLSBOROUGH,,20220101,0303000,2021
99999,00000,NON-METRO,GSE,S,0098000,0647200,0828700,1001650,1244850,FL,059,FLORIDA,HOLMES,,20220101,0098000,2021
42680,00000,"SEBASTIAN-VERO BEACH, FL",GSE,S,0275000,0647200,0828700,1001650,1244850,FL,061,FLORIDA,INDIAN RIVER,,20220101,0275000,2021
99999,00000,NON-METRO,GSE,S,0109000,0647200,0828700,1001650,1244850,FL,063,FLORIDA,JACKSON,,20220101,0110000,2008
45220,00000,"TALLAHASSEE, FL",GSE,S,0214000,0647200,0828700,1001650,1244850,FL,065,FLORIDA,JEFFERSON,,20220101,0214000,2021
99999,00000,NON-METRO,GSE,S,0094000,0647200,0828700,1001650,1244850,FL,067,FLORIDA,LAFAYETTE,,20220101,0097000,2009
36740,00000,"ORLANDO-KISSIMMEE-SANFORD, FL",GSE,S,0340000,0647200,0828700,1001650,1244850,FL,069,FLORIDA,LAKE,,20220101,0340000,2021
15980,00000,"CAPE CORAL-FORT MYERS, FL",GSE,S,0279000,0647200,0828700,1001650,1244850,FL,071,FLORIDA,LEE,,20220101,0279000,2021
45220,00000,"TALLAHASSEE, FL",GSE,S,0214000,0647200,0828700,1001650,1244850,FL,073,FLORIDA,LEON,,20220101,0214000,2021
23540,00000,"GAINESVILLE, FL",GSE,S,0240000,0647200,0828700,1001650,1244850,FL,075,FLORIDA,LEVY,,20220101,0240000,2021
99999,00000,NON-METRO,GSE,S,0074000,0647200,0828700,1001650,1244850,FL,077,FLORIDA,LIBERTY,,20220101,0100000,2008
99999,00000,NON-METRO,GSE,S,0070000,0647200,0828700,1001650,1244850,FL,079,FLORIDA,MADISON,,20220101,0095000,2009
35840,00000,"NORTH PORT-SARASOTA-BRADENTON, FL",GSE,S,0355000,0647200,0828700,1001650,1244850,FL,081,FLORIDA,MANATEE,,20220101,0355000,2021
36100,00000,"OCALA, FL",GSE,S,0185000,0647200,0828700,1001650,1244850,FL,083,FLORIDA,MARION,,20220101,0185000,2021
38940,00000,"PORT ST. LUCIE, FL",GSE,S,0375000,0647200,0828700,1001650,1244850,FL,085,FLORIDA,MARTIN,,20220101,0375000,2021
33100,33124,"MIAMI-FORT LAUDERDALE-POMPANO BEACH, FL",GSE,S,0400000,0647200,0828700,1001650,1244850,FL,086,FLORIDA,MIAMI-DADE,,20220101,0400000,2021
28580,00000,"KEY WEST, FL",GSE,H,0618000,0710700,0909800,1099750,1366750,FL,087,FLORIDA,MONROE,,20220101,0618000,2021
27260,00000,"JACKSONVILLE, FL",GSE,S,0376000,0647200,0828700,1001650,1244850,FL,089,FLORIDA,NASSAU,,20220101,0376000,2021
18880,00000,"CRESTVIEW-FORT WALTON BEACH-DESTIN, FL",GSE,S,0469000,0647200,0828700,1001650,1244850,FL,091,FLORIDA,OKALOOSA,,20220101,0469000,2021
36380,00000,"OKEECHOBEE, FL",GSE,S,0100000,0647200,0828700,1001650,1244850,FL,093,FLORIDA,OKEECHOBEE,,20220101,0110000,2008
36740,00000,"ORLANDO-KISSIMMEE-SANFORD, FL",GSE,S,0340000,0647200,0828700,1001650,1244850,FL,095,FLORIDA,ORANGE,,20220101,0340000,2021
36740,00000,"ORLANDO-KISSIMMEE-SANFORD, FL",GSE,S,0340000,0647200,0828700,1001650,1244850,FL,097,FLORIDA,OSCEOLA,,20220101,0340000,2021
33100,48424,"MIAMI-FORT LAUDERDALE-POMPANO BEACH, FL",GSE,S,0400000,0647200,0828700,1001650,1244850,FL,099,FLORIDA,PALM BEACH,,20220101,0400000,2021
45300,00000,"TAMPA-ST. PETERSBURG-CLEARWATER, FL",GSE,S,0303000,0647200,0828700,1001650,1244850,FL,101,FLORIDA,PASCO,,20220101,0303000,2021
45300,00000,"TAMPA-ST. PETERSBURG-CLEARWATER, FL",GSE,S,0303000,0647200,0828700,1001650,1244850,FL,103,FLORIDA,PINELLAS,,20220101,0303000,2021
29460,00000,"LAKELAND-WINTER HAVEN, FL",GSE,S,0236000,0647200,0828700,1001650,1244850,FL,105,FLORIDA,POLK,,20220101,0236000,2021
37260,00000,"PALATKA, FL",GSE,S,0094000,0647200,0828700,1001650,1244850,FL,107,FLORIDA,PUTNAM,,20220101,0096000,2008
27260,00000,"JACKSONVILLE, FL",GSE,S,0376000,0647200,0828700,1001650,1244850,FL,109,FLORIDA,ST. JOHNS,,20220101,0376000,2021
38940,00000,"PORT ST. LUCIE, FL",GSE,S,0375000,0647200,0828700,1001650,1244850,FL,111,FLORIDA,ST. LUCIE,,20220101,0375000,2021
37860,00000,"PENSACOLA-FERRY PASS-BRENT, FL",GSE,S,0266000,0647200,0828700,1001650,1244850,FL,113,FLORIDA,SANTA ROSA,,20220101,0266000,2021
35840,00000,"NORTH PORT-SARASOTA-BRADENTON, FL",GSE,S,0355000,0647200,0828700,1001650,1244850,FL,115,FLORIDA,SARASOTA,,20220101,0355000,2021
36740,00000,"ORLANDO-KISSIMMEE-SANFORD, FL",GSE,S,0340000,0647200,0828700,1001650,1244850,FL,117,FLORIDA,SEMINOLE,,20220101,0340000,2021
45540,00000,"THE VILLAGES, FL",GSE,S,0297000,0647200,0828700,1001650,1244850,FL,119,FLORIDA,SUMTER,,20220101,0297000,2021
99999,00000,NON-METRO,GSE,S,0090000,0647200,0828700,1001650,1244850,FL,121,FLORIDA,SUWANNEE,,20220101,0116000,2008
99999,00000,NON-METRO,GSE,S,0088000,0647200,0828700,1001650,1244850,FL,123,FLORIDA,TAYLOR,,20220101,0088000,2021
99999,00000,NON-METRO,GSE,S,0112000,0647200,0828700,1001650,1244850,FL,125,FLORIDA,UNION,,20220101,0130000,2009
19660,00000,"DELTONA-DAYTONA BEACH-ORMOND BEACH, FL",GSE,S,0260000,0647200,0828700,1001650,1244850,FL,127,FLORIDA,VOLUSIA,,20220101,0260000,2021
45220,00000,"TALLAHASSEE, FL",GSE,S,0214000,0647200,0828700,1001650,1244850,FL,129,FLORIDA,WAKULLA,,20220101,0214000,2021
18880,00000,"CRESTVIEW-FORT WALTON BEACH-DESTIN, FL",GSE,S,0469000,0647200,0828700,1001650,1244850,FL,131,FLORIDA,WALTON,,20220101,0469000,2021
99999,00000,NON-METRO,GSE,S,0100000,0647200,0828700,1001650,1244850,FL,133,FLORIDA,WASHINGTON,,20220101,0105000,2008
99999,00000,NON-METRO,GSE,S,0069000,0647200,0828700,1001650,1244850,GA,001,GEORGIA,APPLING,,20220101,0123000,2009
20060,00000,"DOUGLAS, GA",GSE,S,0105000,0647200,0828700,1001650,1244850,GA,003,GEORGIA,ATKINSON,,20220101,0125000,2008
99999,00000,NON-METRO,GSE,S,0052000,0647200,0828700,1001650,1244850,GA,005,GEORGIA,BACON,,20220101,0081000,2008
99999,00000,NON-METRO,GSE,S,0028000,0647200,0828700,1001650,1244850,GA,007,GEORGIA,BAKER,,20220101,0105000,2008
33300,00000,"MILLEDGEVILLE, GA",GSE,S,0139000,0647200,0828700,1001650,1244850,GA,009,GEORGIA,BALDWIN,,20220101,0166000,2008
99999,00000,NON-METRO,GSE,S,0192000,0647200,0828700,1001650,1244850,GA,011,GEORGIA,BANKS,,20220101,0192000,2021
12060,00000,"ATLANTA-SANDY SPRINGS-ALPHARETTA, GA",GSE,S,0410000,0647200,0828700,1001650,1244850,GA,013,GEORGIA,BARROW,,20220101,0410000,2021
12060,00000,"ATLANTA-SANDY SPRINGS-ALPHARETTA, GA",GSE,S,0410000,0647200,0828700,1001650,1244850,GA,015,GEORGIA,BARTOW,,20220101,0410000,2021
22340,00000,"FITZGERALD, GA",GSE,S,0068000,0647200,0828700,1001650,1244850,GA,017,GEORGIA,BEN HILL,,20220101,0088000,2008
99999,00000,NON-METRO,GSE,S,0109000,0647200,0828700,1001650,1244850,GA,019,GEORGIA,BERRIEN,,20220101,0126000,2008
31420,00000,"MACON-BIBB COUNTY, GA",GSE,S,0180000,0647200,0828700,1001650,1244850,GA,021,GEORGIA,BIBB,,20220101,0180000,2021
99999,00000,NON-METRO,GSE,S,0079000,0647200,0828700,1001650,1244850,GA,023,GEORGIA,BLECKLEY,,20220101,0121000,2008
15260,00000,"BRUNSWICK, GA",GSE,S,0267000,0647200,0828700,1001650,1244850,GA,025,GEORGIA,BRANTLEY,,20220101,0267000,2021
46660,00000,"VALDOSTA, GA",GSE,S,0170000,0647200,0828700,1001650,1244850,GA,027,GEORGIA,BROOKS,,20220101,0170000,2021
42340,00000,"SAVANNAH, GA",GSE,S,0278000,0647200,0828700,1001650,1244850,GA,029,GEORGIA,BRYAN,,20220101,0278000,2021
44340,00000,"STATESBORO, GA",GSE,S,0175000,0647200,0828700,1001650,1244850,GA,031,GEORGIA,BULLOCH,,20220101,0175000,2021
12260,00000,"AUGUSTA-RICHMOND COUNTY, GA-SC",GSE,S,0245000,0647200,0828700,1001650,1244850,GA,033,GEORGIA,BURKE,,20220101,0245000,2021
12060,00000,"ATLANTA-SANDY SPRINGS-ALPHARETTA, GA",GSE,S,0410000,0647200,0828700,1001650,1244850,GA,035,GEORGIA,BUTTS,,20220101,0410000,2021
99999,00000,NON-METRO,GSE,S,0065000,0647200,0828700,1001650,1244850,GA,037,GEORGIA,CALHOUN,,20220101,0078000,2009
41220,00000,"ST. MARYS, GA",GSE,S,0189000,0647200,0828700,1001650,1244850,GA,039,GEORGIA,CAMDEN,,20220101,0189000,2021
99999,00000,NON-METRO,GSE,S,0081000,0647200,0828700,1001650,1244850,GA,043,GEORGIA,CANDLER,,20220101,0090000,2008
12060,00000,"ATLANTA-SANDY SPRINGS-ALPHARETTA, GA",GSE,S,0410000,0647200,0828700,1001650,1244850,GA,045,GEORGIA,CARROLL,,20220101,0410000,2021
16860,00000,"CHATTANOOGA, TN-GA",GSE,S,0251000,0647200,0828700,1001650,1244850,GA,047,GEORGIA,CATOOSA,,20220101,0251000,2021
99999,00000,NON-METRO,GSE,S,0083000,0647200,0828700,1001650,1244850,GA,049,GEORGIA,CHARLTON,,20220101,0113000,2008
42340,00000,"SAVANNAH, GA",GSE,S,0278000,0647200,0828700,1001650,1244850,GA,051,GEORGIA,CHATHAM,,20220101,0278000,2021
17980,00000,"COLUMBUS, GA-AL",GSE,S,0261000,0647200,0828700,1001650,1244850,GA,053,GEORGIA,CHATTAHOOCHEE,,20220101,0261000,2021
44900,00000,"SUMMERVILLE, GA",GSE,S,0086000,0647200,0828700,1001650,1244850,GA,055,GEORGIA,CHATTOOGA,,20220101,0124000,2009
12060,00000,"ATLANTA-SANDY SPRINGS-ALPHARETTA, GA",GSE,S,0410000,0647200,0828700,1001650,1244850,GA,057,GEORGIA,CHEROKEE,,20220101,0410000,2021
12020,00000,"ATHENS-CLARKE COUNTY, GA",GSE,S,0398000,0647200,0828700,1001650,1244850,GA,059,GEORGIA,CLARKE,,20220101,0398000,2021
99999,00000,NON-METRO,GSE,S,0075000,0647200,0828700,1001650,1244850,GA,061,GEORGIA,CLAY,,20220101,0112000,2008
12060,00000,"ATLANTA-SANDY SPRINGS-ALPHARETTA, GA",GSE,S,0410000,0647200,0828700,1001650,1244850,GA,063,GEORGIA,CLAYTON,,20220101,0410000,2021
99999,00000,NON-METRO,GSE,S,0064000,0647200,0828700,1001650,1244850,GA,065,GEORGIA,CLINCH,,20220101,0122000,2008
12060,00000,"ATLANTA-SANDY SPRINGS-ALPHARETTA, GA",GSE,S,0410000,0647200,0828700,1001650,1244850,GA,067,GEORGIA,COBB,,20220101,0410000,2021
20060,00000,"DOUGLAS, GA",GSE,S,0105000,0647200,0828700,1001650,1244850,GA,069,GEORGIA,COFFEE,,20220101,0125000,2008
34220,00000,"MOULTRIE, GA",GSE,S,0094000,0647200,0828700,1001650,1244850,GA,071,GEORGIA,COLQUITT,,20220101,0109000,2008
12260,00000,"AUGUSTA-RICHMOND COUNTY, GA-SC",GSE,S,0245000,0647200,0828700,1001650,1244850,GA,073,GEORGIA,COLUMBIA,,20220101,0245000,2021
99999,00000,NON-METRO,GSE,S,0085000,0647200,0828700,1001650,1244850,GA,075,GEORGIA,COOK,,20220101,0087000,2008
12060,00000,"ATLANTA-SANDY SPRINGS-ALPHARETTA, GA",GSE,S,0410000,0647200,0828700,1001650,1244850,GA,077,GEORGIA,COWETA,,20220101,0410000,2021
31420,00000,"MACON-BIBB COUNTY, GA",GSE,S,0180000,0647200,0828700,1001650,1244850,GA,079,GEORGIA,CRAWFORD,,20220101,0180000,2021
18380,00000,"CORDELE, GA",GSE,S,0104000,0647200,0828700,1001650,1244850,GA,081,GEORGIA,CRISP,,20220101,0119000,2010
16860,00000,"CHATTANOOGA, TN-GA",GSE,S,0251000,0647200,0828700,1001650,1244850,GA,083,GEORGIA,DADE,,20220101,0251000,2021
12060,00000,"ATLANTA-SANDY SPRINGS-ALPHARETTA, GA",GSE,S,0410000,0647200,0828700,1001650,1244850,GA,085,GEORGIA,DAWSON,,20220101,0410000,2021
12460,00000,"BAINBRIDGE, GA",GSE,S,0115000,0647200,0828700,1001650,1244850,GA,087,GEORGIA,DECATUR,,20220101,0131000,2008
12060,00000,"ATLANTA-SANDY SPRINGS-ALPHARETTA, GA",GSE,S,0410000,0647200,0828700,1001650,1244850,GA,089,GEORGIA,DEKALB,,20220101,0410000,2021
99999,00000,NON-METRO,GSE,S,0060000,0647200,0828700,1001650,1244850,GA,091,GEORGIA,DODGE,,20220101,0090000,2008
99999,00000,NON-METRO,GSE,S,0050000,0647200,0828700,1001650,1244850,GA,093,GEORGIA,DOOLY,,20220101,0089000,2008
10500,00000,"ALBANY, GA",GSE,S,0183000,0647200,0828700,1001650,1244850,GA,095,GEORGIA,DOUGHERTY,,20220101,0191000,2008
12060,00000,"ATLANTA-SANDY SPRINGS-ALPHARETTA, GA",GSE,S,0410000,0647200,0828700,1001650,1244850,GA,097,GEORGIA,DOUGLAS,,20220101,0410000,2021
99999,00000,NON-METRO,GSE,S,0065000,0647200,0828700,1001650,1244850,GA,099,GEORGIA,EARLY,,20220101,0099000,2008
46660,00000,"VALDOSTA, GA",GSE,S,0170000,0647200,0828700,1001650,1244850,GA,101,GEORGIA,ECHOLS,,20220101,0170000,2021
42340,00000,"SAVANNAH, GA",GSE,S,0278000,0647200,0828700,1001650,1244850,GA,103,GEORGIA,EFFINGHAM,,20220101,0278000,2021
99999,00000,NON-METRO,GSE,S,0080000,0647200,0828700,1001650,1244850,GA,105,GEORGIA,ELBERT,,20220101,0103000,2008
99999,00000,NON-METRO,GSE,S,0055000,0647200,0828700,1001650,1244850,GA,107,GEORGIA,EMANUEL,,20220101,0089000,2008
99999,00000,NON-METRO,GSE,S,0069000,0647200,0828700,1001650,1244850,GA,109,GEORGIA,EVANS,,20220101,0122000,2008
99999,00000,NON-METRO,GSE,S,0280000,0647200,0828700,1001650,1244850,GA,111,GEORGIA,FANNIN,,20220101,0280000,2021
12060,00000,"ATLANTA-SANDY SPRINGS-ALPHARETTA, GA",GSE,S,0410000,0647200,0828700,1001650,1244850,GA,113,GEORGIA,FAYETTE,,20220101,0410000,2021
40660,00000,"ROME, GA",GSE,S,0145000,0647200,0828700,1001650,1244850,GA,115,GEORGIA,FLOYD,,20220101,0145000,2021
12060,00000,"ATLANTA-SANDY SPRINGS-ALPHARETTA, GA",GSE,S,0410000,0647200,0828700,1001650,1244850,GA,117,GEORGIA,FORSYTH,,20220101,0410000,2021
99999,00000,NON-METRO,GSE,S,0130000,0647200,0828700,1001650,1244850,GA,119,GEORGIA,FRANKLIN,,20220101,0130000,2020
12060,00000,"ATLANTA-SANDY SPRINGS-ALPHARETTA, GA",GSE,S,0410000,0647200,0828700,1001650,1244850,GA,121,GEORGIA,FULTON,,20220101,0410000,2021
99999,00000,NON-METRO,GSE,S,0120000,0647200,0828700,1001650,1244850,GA,123,GEORGIA,GILMER,,20220101,0176000,2008
99999,00000,NON-METRO,GSE,S,0095000,0647200,0828700,1001650,1244850,GA,125,GEORGIA,GLASCOCK,,20220101,0095000,2021
15260,00000,"BRUNSWICK, GA",GSE,S,0267000,0647200,0828700,1001650,1244850,GA,127,GEORGIA,GLYNN,,20220101,0267000,2021
15660,00000,"CALHOUN, GA",GSE,S,0170000,0647200,0828700,1001650,1244850,GA,129,GEORGIA,GORDON,,20220101,0170000,2021
99999,00000,NON-METRO,GSE,S,0088000,0647200,0828700,1001650,1244850,GA,131,GEORGIA,GRADY,,20220101,0122000,2008
99999,00000,NON-METRO,GSE,S,0312000,0647200,0828700,1001650,1244850,GA,133,GEORGIA,GREENE,,20220101,0448000,2008
12060,00000,"ATLANTA-SANDY SPRINGS-ALPHARETTA, GA",GSE,S,0410000,0647200,0828700,1001650,1244850,GA,135,GEORGIA,GWINNETT,,20220101,0410000,2021
18460,00000,"CORNELIA, GA",GSE,S,0190000,0647200,0828700,1001650,1244850,GA,137,GEORGIA,HABERSHAM,,20220101,0190000,2021
23580,00000,"GAINESVILLE, GA",GSE,S,0278000,0647200,0828700,1001650,1244850,GA,139,GEORGIA,HALL,,20220101,0278000,2021
33300,00000,"MILLEDGEVILLE, GA",GSE,S,0139000,0647200,0828700,1001650,1244850,GA,141,GEORGIA,HANCOCK,,20220101,0166000,2008
12060,00000,"ATLANTA-SANDY SPRINGS-ALPHARETTA, GA",GSE,S,0410000,0647200,0828700,1001650,1244850,GA,143,GEORGIA,HARALSON,,20220101,0410000,2021
17980,00000,"COLUMBUS, GA-AL",GSE,S,0261000,0647200,0828700,1001650,1244850,GA,145,GEORGIA,HARRIS,,20220101,0261000,2021
99999,00000,NON-METRO,GSE,S,0172000,0647200,0828700,1001650,1244850,GA,147,GEORGIA,HART,,20220101,0172000,2021
12060,00000,"ATLANTA-SANDY SPRINGS-ALPHARETTA, GA",GSE,S,0410000,0647200,0828700,1001650,1244850,GA,149,GEORGIA,HEARD,,20220101,0410000,2021
12060,00000,"ATLANTA-SANDY SPRINGS-ALPHARETTA, GA",GSE,S,0410000,0647200,0828700,1001650,1244850,GA,151,GEORGIA,HENRY,,20220101,0410000,2021
47580,00000,"WARNER ROBINS, GA",GSE,S,0167000,0647200,0828700,1001650,1244850,GA,153,GEORGIA,HOUSTON,,20220101,0180000,2008
99999,00000,NON-METRO,GSE,S,0090000,0647200,0828700,1001650,1244850,GA,155,GEORGIA,IRWIN,,20220101,0101000,2008
27600,00000,"JEFFERSON, GA",GSE,S,0270000,0647200,0828700,1001650,1244850,GA,157,GEORGIA,JACKSON,,20220101,0270000,2021
12060,00000,"ATLANTA-SANDY SPRINGS-ALPHARETTA, GA",GSE,S,0410000,0647200,0828700,1001650,1244850,GA,159,GEORGIA,JASPER,,20220101,0410000,2021
99999,00000,NON-METRO,GSE,S,0062000,0647200,0828700,1001650,1244850,GA,161,GEORGIA,JEFF DAVIS,,20220101,0110000,2008
99999,00000,NON-METRO,GSE,S,0050000,0647200,0828700,1001650,1244850,GA,163,GEORGIA,JEFFERSON,,20220101,0085000,2009
99999,00000,NON-METRO,GSE,S,0055000,0647200,0828700,1001650,1244850,GA,165,GEORGIA,JENKINS,,20220101,0071000,2008
20140,00000,"DUBLIN, GA",GSE,S,0090000,0647200,0828700,1001650,1244850,GA,167,GEORGIA,JOHNSON,,20220101,0134000,2008
31420,00000,"MACON-BIBB COUNTY, GA",GSE,S,0180000,0647200,0828700,1001650,1244850,GA,169,GEORGIA,JONES,,20220101,0180000,2021
12060,00000,"ATLANTA-SANDY SPRINGS-ALPHARETTA, GA",GSE,S,0410000,0647200,0828700,1001650,1244850,GA,171,GEORGIA,LAMAR,,20220101,0410000,2021
46660,00000,"VALDOSTA, GA",GSE,S,0170000,0647200,0828700,1001650,1244850,GA,173,GEORGIA,LANIER,,20220101,0170000,2021
20140,00000,"DUBLIN, GA",GSE,S,0090000,0647200,0828700,1001650,1244850,GA,175,GEORGIA,LAURENS,,20220101,0134000,2008
10500,00000,"ALBANY, GA",GSE,S,0183000,0647200,0828700,1001650,1244850,GA,177,GEORGIA,LEE,,20220101,0191000,2008
25980,00000,"HINESVILLE, GA",GSE,S,0201000,0647200,0828700,1001650,1244850,GA,179,GEORGIA,LIBERTY,,20220101,0201000,2021
12260,00000,"AUGUSTA-RICHMOND COUNTY, GA-SC",GSE,S,0245000,0647200,0828700,1001650,1244850,GA,181,GEORGIA,LINCOLN,,20220101,0245000,2021
25980,00000,"HINESVILLE, GA",GSE,S,0201000,0647200,0828700,1001650,1244850,GA,183,GEORGIA,LONG,,20220101,0201000,2021
46660,00000,"VALDOSTA, GA",GSE,S,0170000,0647200,0828700,1001650,1244850,GA,185,GEORGIA,LOWNDES,,20220101,0170000,2021
99999,00000,NON-METRO,GSE,S,0225000,0647200,0828700,1001650,1244850,GA,187,GEORGIA,LUMPKIN,,20220101,0225000,2021
12260,00000,"AUGUSTA-RICHMOND COUNTY, GA-SC",GSE,S,0245000,0647200,0828700,1001650,1244850,GA,189,GEORGIA,MCDUFFIE,,20220101,0245000,2021
15260,00000,"BRUNSWICK, GA",GSE,S,0267000,0647200,0828700,1001650,1244850,GA,191,GEORGIA,MCINTOSH,,20220101,0267000,2021
99999,00000,NON-METRO,GSE,S,0048000,0647200,0828700,1001650,1244850,GA,193,GEORGIA,MACON,,20220101,0100000,2008
12020,00000,"ATHENS-CLARKE COUNTY, GA",GSE,S,0398000,0647200,0828700,1001650,1244850,GA,195,GEORGIA,MADISON,,20220101,0398000,2021
17980,00000,"COLUMBUS, GA-AL",GSE,S,0261000,0647200,0828700,1001650,1244850,GA,197,GEORGIA,MARION,,20220101,0261000,2021
12060,00000,"ATLANTA-SANDY SPRINGS-ALPHARETTA, GA",GSE,S,0410000,0647200,0828700,1001650,1244850,GA,199,GEORGIA,MERIWETHER,,20220101,0410000,2021
99999,00000,NON-METRO,GSE,S,0075000,0647200,0828700,1001650,1244850,GA,201,GEORGIA,MILLER,,20220101,0118000,2008
99999,00000,NON-METRO,GSE,S,0060000,0647200,0828700,1001650,1244850,GA,205,GEORGIA,MITCHELL,,20220101,0098000,2008
31420,00000,"MACON-BIBB COUNTY, GA",GSE,S,0180000,0647200,0828700,1001650,1244850,GA,207,GEORGIA,MONROE,,20220101,0180000,2021
47080,00000,"VIDALIA, GA",GSE,S,0110000,0647200,0828700,1001650,1244850,GA,209,GEORGIA,MONTGOMERY,,20220101,0117000,2008
12060,00000,"ATLANTA-SANDY SPRINGS-ALPHARETTA, GA",GSE,S,0410000,0647200,0828700,1001650,1244850,GA,211,GEORGIA,MORGAN,,20220101,0410000,2021
19140,00000,"DALTON, GA",GSE,S,0160000,0647200,0828700,1001650,1244850,GA,213,GEORGIA,MURRAY,,20220101,0160000,2021
17980,00000,"COLUMBUS, GA-AL",GSE,S,0261000,0647200,0828700,1001650,1244850,GA,215,GEORGIA,MUSCOGEE,,20220101,0261000,2021
12060,00000,"ATLANTA-SANDY SPRINGS-ALPHARETTA, GA",GSE,S,0410000,0647200,0828700,1001650,1244850,GA,217,GEORGIA,NEWTON,,20220101,0410000,2021
12020,00000,"ATHENS-CLARKE COUNTY, GA",GSE,S,0398000,0647200,0828700,1001650,1244850,GA,219,GEORGIA,OCONEE,,20220101,0398000,2021
12020,00000,"ATHENS-CLARKE COUNTY, GA",GSE,S,0398000,0647200,0828700,1001650,1244850,GA,221,GEORGIA,OGLETHORPE,,20220101,0398000,2021
12060,00000,"ATLANTA-SANDY SPRINGS-ALPHARETTA, GA",GSE,S,0410000,0647200,0828700,1001650,1244850,GA,223,GEORGIA,PAULDING,,20220101,0410000,2021
47580,00000,"WARNER ROBINS, GA",GSE,S,0167000,0647200,0828700,1001650,1244850,GA,225,GEORGIA,PEACH,,20220101,0180000,2008
12060,00000,"ATLANTA-SANDY SPRINGS-ALPHARETTA, GA",GSE,S,0410000,0647200,0828700,1001650,1244850,GA,227,GEORGIA,PICKENS,,20220101,0410000,2021
48180,00000,"WAYCROSS, GA",GSE,S,0100000,0647200,0828700,1001650,1244850,GA,229,GEORGIA,PIERCE,,20220101,0118000,2008
12060,00000,"ATLANTA-SANDY SPRINGS-ALPHARETTA, GA",GSE,S,0410000,0647200,0828700,1001650,1244850,GA,231,GEORGIA,PIKE,,20220101,0410000,2021
16340,00000,"CEDARTOWN, GA",GSE,S,0133000,0647200,0828700,1001650,1244850,GA,233,GEORGIA,POLK,,20220101,0133000,2021
99999,00000,NON-METRO,GSE,S,0095000,0647200,0828700,1001650,1244850,GA,235,GEORGIA,PULASKI,,20220101,0120000,2010
99999,00000,NON-METRO,GSE,S,0233000,0647200,0828700,1001650,1244850,GA,237,GEORGIA,PUTNAM,,20220101,0233000,2021
21640,00000,"EUFAULA, AL-GA",GSE,S,0109000,0647200,0828700,1001650,1244850,GA,239,GEORGIA,QUITMAN,,20220101,0126000,2010
99999,00000,NON-METRO,GSE,S,0205000,0647200,0828700,1001650,1244850,GA,241,GEORGIA,RABUN,,20220101,0205000,2021
99999,00000,NON-METRO,GSE,S,0035000,0647200,0828700,1001650,1244850,GA,243,GEORGIA,RANDOLPH,,20220101,0097000,2008
12260,00000,"AUGUSTA-RICHMOND COUNTY, GA-SC",GSE,S,0245000,0647200,0828700,1001650,1244850,GA,245,GEORGIA,RICHMOND,,20220101,0245000,2021
12060,00000,"ATLANTA-SANDY SPRINGS-ALPHARETTA, GA",GSE,S,0410000,0647200,0828700,1001650,1244850,GA,247,GEORGIA,ROCKDALE,,20220101,0410000,2021
11140,00000,"AMERICUS, GA",GSE,S,0087000,0647200,0828700,1001650,1244850,GA,249,GEORGIA,SCHLEY,,20220101,0105000,2008
99999,00000,NON-METRO,GSE,S,0050000,0647200,0828700,1001650,1244850,GA,251,GEORGIA,SCREVEN,,20220101,0098000,2008
99999,00000,NON-METRO,GSE,S,0072000,0647200,0828700,1001650,1244850,GA,253,GEORGIA,SEMINOLE,,20220101,0109000,2008
12060,00000,"ATLANTA-SANDY SPRINGS-ALPHARETTA, GA",GSE,S,0410000,0647200,0828700,1001650,1244850,GA,255,GEORGIA,SPALDING,,20220101,0410000,2021
45740,00000,"TOCCOA, GA",GSE,S,0125000,0647200,0828700,1001650,1244850,GA,257,GEORGIA,STEPHENS,,20220101,0125000,2021
17980,00000,"COLUMBUS, GA-AL",GSE,S,0261000,0647200,0828700,1001650,1244850,GA,259,GEORGIA,STEWART,,20220101,0261000,2021
11140,00000,"AMERICUS, GA",GSE,S,0087000,0647200,0828700,1001650,1244850,GA,261,GEORGIA,SUMTER,,20220101,0105000,2008
17980,00000,"COLUMBUS, GA-AL",GSE,S,0261000,0647200,0828700,1001650,1244850,GA,263,GEORGIA,TALBOT,,20220101,0261000,2021
99999,00000,NON-METRO,GSE,S,0088000,0647200,0828700,1001650,1244850,GA,265,GEORGIA,TALIAFERRO,,20220101,0110000,2008
99999,00000,NON-METRO,GSE,S,0075000,0647200,0828700,1001650,1244850,GA,267,GEORGIA,TATTNALL,,20220101,0119000,2008
99999,00000,NON-METRO,GSE,S,0055000,0647200,0828700,1001650,1244850,GA,269,GEORGIA,TAYLOR,,20220101,0110000,2008
99999,00000,NON-METRO,GSE,S,0060000,0647200,0828700,1001650,1244850,GA,271,GEORGIA,TELFAIR,,20220101,0083000,2008
10500,00000,"ALBANY, GA",GSE,S,0183000,0647200,0828700,1001650,1244850,GA,273,GEORGIA,TERRELL,,20220101,0191000,2008
45620,00000,"THOMASVILLE, GA",GSE,S,0160000,0647200,0828700,1001650,1244850,GA,275,GEORGIA,THOMAS,,20220101,0160000,2021
45700,00000,"TIFTON, GA",GSE,S,0145000,0647200,0828700,1001650,1244850,GA,277,GEORGIA,TIFT,,20220101,0158000,2008
47080,00000,"VIDALIA, GA",GSE,S,0110000,0647200,0828700,1001650,1244850,GA,279,GEORGIA,TOOMBS,,20220101,0117000,2008
99999,00000,NON-METRO,GSE,S,0177000,0647200,0828700,1001650,1244850,GA,281,GEORGIA,TOWNS,,20220101,0211000,2008
20140,00000,"DUBLIN, GA",GSE,S,0090000,0647200,0828700,1001650,1244850,GA,283,GEORGIA,TREUTLEN,,20220101,0134000,2008
29300,00000,"LAGRANGE, GA-AL",GSE,S,0155000,0647200,0828700,1001650,1244850,GA,285,GEORGIA,TROUP,,20220101,0155000,2021
99999,00000,NON-METRO,GSE,S,0075000,0647200,0828700,1001650,1244850,GA,287,GEORGIA,TURNER,,20220101,0085000,2008
31420,00000,"MACON-BIBB COUNTY, GA",GSE,S,0180000,0647200,0828700,1001650,1244850,GA,289,GEORGIA,TWIGGS,,20220101,0180000,2021
99999,00000,NON-METRO,GSE,S,0130000,0647200,0828700,1001650,1244850,GA,291,GEORGIA,UNION,,20220101,0165000,2009
45580,00000,"THOMASTON, GA",GSE,S,0115000,0647200,0828700,1001650,1244850,GA,293,GEORGIA,UPSON,,20220101,0116000,2008
16860,00000,"CHATTANOOGA, TN-GA",GSE,S,0251000,0647200,0828700,1001650,1244850,GA,295,GEORGIA,WALKER,,20220101,0251000,2021
12060,00000,"ATLANTA-SANDY SPRINGS-ALPHARETTA, GA",GSE,S,0410000,0647200,0828700,1001650,1244850,GA,297,GEORGIA,WALTON,,20220101,0410000,2021
48180,00000,"WAYCROSS, GA",GSE,S,0100000,0647200,0828700,1001650,1244850,GA,299,GEORGIA,WARE,,20220101,0118000,2008
99999,00000,NON-METRO,GSE,S,0062000,0647200,0828700,1001650,1244850,GA,301,GEORGIA,WARREN,,20220101,0143000,2008
99999,00000,NON-METRO,GSE,S,0079000,0647200,0828700,1001650,1244850,GA,303,GEORGIA,WASHINGTON,,20220101,0106000,2008
27700,00000,"JESUP, GA",GSE,S,0101000,0647200,0828700,1001650,1244850,GA,305,GEORGIA,WAYNE,,20220101,0141000,2008
99999,00000,NON-METRO,GSE,S,0065000,0647200,0828700,1001650,1244850,GA,307,GEORGIA,WEBSTER,,20220101,0071000,2008
99999,00000,NON-METRO,GSE,S,0050000,0647200,0828700,1001650,1244850,GA,309,GEORGIA,WHEELER,,20220101,0086000,2008
99999,00000,NON-METRO,GSE,S,0170000,0647200,0828700,1001650,1244850,GA,311,GEORGIA,WHITE,,20220101,0170000,2021
19140,00000,"DALTON, GA",GSE,S,0160000,0647200,0828700,1001650,1244850,GA,313,GEORGIA,WHITFIELD,,20220101,0160000,2021
99999,00000,NON-METRO,GSE,S,0030000,0647200,0828700,1001650,1244850,GA,315,GEORGIA,WILCOX,,20220101,0098000,2008
99999,00000,NON-METRO,GSE,S,0080000,0647200,0828700,1001650,1244850,GA,317,GEORGIA,WILKES,,20220101,0101000,2008
99999,00000,NON-METRO,GSE,S,0040000,0647200,0828700,1001650,1244850,GA,319,GEORGIA,WILKINSON,,20220101,0119000,2008
10500,00000,"ALBANY, GA",GSE,S,0183000,0647200,0828700,1001650,1244850,GA,321,GEORGIA,WORTH,,20220101,0191000,2008
99999,00000,NON-METRO,GSE,S,0337000,0970800,1243050,1502475,1867275,GU,010,GUAM,GUAM,,20220101,0490000,2008
25900,00000,"HILO, HI",GSE,S,0415000,0970800,1243050,1502475,1867275,HI,001,HAWAII,HAWAII,,20220101,0415000,2021
46520,00000,"URBAN HONOLULU, HI",GSE,S,0650000,0970800,1243050,1502475,1867275,HI,003,HAWAII,HONOLULU,,20220101,0650000,2021
99999,00000,NON-METRO,GSE,S,0720000,0970800,1243050,1502475,1867275,HI,005,HAWAII,KALAWAO,,20220101,0720000,2021
28180,00000,"KAPAA, HI",GSE,S,0735000,0970800,1243050,1502475,1867275,HI,007,HAWAII,KAUAI,,20220101,0735000,2021
27980,00000,"KAHULUI-WAILUKU-LAHAINA, HI",GSE,S,0720000,0970800,1243050,1502475,1867275,HI,009,HAWAII,MAUI,,20220101,0720000,2021
99999,00000,NON-METRO,GSE,S,0123000,0647200,0828700,1001650,1244850,IA,001,IOWA,ADAIR,,20220101,0123000,2021
99999,00000,NON-METRO,GSE,S,0103000,0647200,0828700,1001650,1244850,IA,003,IOWA,ADAMS,,20220101,0103000,2021
99999,00000,NON-METRO,GSE,S,0088000,0647200,0828700,1001650,1244850,IA,005,IOWA,ALLAMAKEE,,20220101,0100000,2017
99999,00000,NON-METRO,GSE,S,0067000,0647200,0828700,1001650,1244850,IA,007,IOWA,APPANOOSE,,20220101,0067000,2008
99999,00000,NON-METRO,GSE,S,0093000,0647200,0828700,1001650,1244850,IA,009,IOWA,AUDUBON,,20220101,0093000,2021
16300,00000,"CEDAR RAPIDS, IA",GSE,S,0175000,0647200,0828700,1001650,1244850,IA,011,IOWA,BENTON,,20220101,0175000,2021
47940,00000,"WATERLOO-CEDAR FALLS, IA",GSE,S,0152000,0647200,0828700,1001650,1244850,IA,013,IOWA,BLACK HAWK,,20220101,0152000,2021
11180,00000,"AMES, IA",GSE,S,0215000,0647200,0828700,1001650,1244850,IA,015,IOWA,BOONE,,20220101,0215000,2021
47940,00000,"WATERLOO-CEDAR FALLS, IA",GSE,S,0152000,0647200,0828700,1001650,1244850,IA,017,IOWA,BREMER,,20220101,0152000,2021
99999,00000,NON-METRO,GSE,S,0130000,0647200,0828700,1001650,1244850,IA,019,IOWA,BUCHANAN,,20220101,0147000,2017
44740,00000,"STORM LAKE, IA",GSE,S,0144000,0647200,0828700,1001650,1244850,IA,021,IOWA,BUENA VISTA,,20220101,0144000,2021
99999,00000,NON-METRO,GSE,S,0095000,0647200,0828700,1001650,1244850,IA,023,IOWA,BUTLER,,20220101,0110000,2019
99999,00000,NON-METRO,GSE,S,0066000,0647200,0828700,1001650,1244850,IA,025,IOWA,CALHOUN,,20220101,0072000,2008
16140,00000,"CARROLL, IA",GSE,S,0130000,0647200,0828700,1001650,1244850,IA,027,IOWA,CARROLL,,20220101,0139000,2017
99999,00000,NON-METRO,GSE,S,0085000,0647200,0828700,1001650,1244850,IA,029,IOWA,CASS,,20220101,0087000,2017
99999,00000,NON-METRO,GSE,S,0160000,0647200,0828700,1001650,1244850,IA,031,IOWA,CEDAR,,20220101,0160000,2021
32380,00000,"MASON CITY, IA",GSE,S,0122000,0647200,0828700,1001650,1244850,IA,033,IOWA,CERRO GORDO,,20220101,0122000,2021
99999,00000,NON-METRO,GSE,S,0087000,0647200,0828700,1001650,1244850,IA,035,IOWA,CHEROKEE,,20220101,0090000,2017
99999,00000,NON-METRO,GSE,S,0129000,0647200,0828700,1001650,1244850,IA,037,IOWA,CHICKASAW,,20220101,0129000,2021
99999,00000,NON-METRO,GSE,S,0129000,0647200,0828700,1001650,1244850,IA,039,IOWA,CLARKE,,20220101,0129000,2021
43980,00000,"SPENCER, IA",GSE,S,0130000,0647200,0828700,1001650,1244850,IA,041,IOWA,CLAY,,20220101,0132000,2017
99999,00000,NON-METRO,GSE,S,0111000,0647200,0828700,1001650,1244850,IA,043,IOWA,CLAYTON,,20220101,0117000,2017
17540,00000,"CLINTON, IA",GSE,S,0094000,0647200,0828700,1001650,1244850,IA,045,IOWA,CLINTON,,20220101,0106000,2013
99999,00000,NON-METRO,GSE,S,0081000,0647200,0828700,1001650,1244850,IA,047,IOWA,CRAWFORD,,20220101,0096000,2017
19780,00000,"DES MOINES-WEST DES MOINES, IA",GSE,S,0269000,0647200,0828700,1001650,1244850,IA,049,IOWA,DALLAS,,20220101,0269000,2021
99999,00000,NON-METRO,GSE,S,0135000,0647200,0828700,1001650,1244850,IA,051,IOWA,DAVIS,,20220101,0145000,2020
99999,00000,NON-METRO,GSE,S,0080000,0647200,0828700,1001650,1244850,IA,053,IOWA,DECATUR,,20220101,0103000,2013
99999,00000,NON-METRO,GSE,S,0125000,0647200,0828700,1001650,1244850,IA,055,IOWA,DELAWARE,,20220101,0125000,2019
15460,00000,"BURLINGTON, IA-IL",GSE,S,0098000,0647200,0828700,1001650,1244850,IA,057,IOWA,DES MOINES,,20220101,0116000,2017
44020,00000,"SPIRIT LAKE, IA",GSE,S,0213000,0647200,0828700,1001650,1244850,IA,059,IOWA,DICKINSON,,20220101,0213000,2021
20220,00000,"DUBUQUE, IA",GSE,S,0181000,0647200,0828700,1001650,1244850,IA,061,IOWA,DUBUQUE,,20220101,0181000,2021
99999,00000,NON-METRO,GSE,S,0067000,0647200,0828700,1001650,1244850,IA,063,IOWA,EMMET,,20220101,0090000,2017
99999,00000,NON-METRO,GSE,S,0074000,0647200,0828700,1001650,1244850,IA,065,IOWA,FAYETTE,,20220101,0084000,2017
99999,00000,NON-METRO,GSE,S,0090000,0647200,0828700,1001650,1244850,IA,067,IOWA,FLOYD,,20220101,0108000,2017
99999,00000,NON-METRO,GSE,S,0082000,0647200,0828700,1001650,1244850,IA,069,IOWA,FRANKLIN,,20220101,0095000,2017
99999,00000,NON-METRO,GSE,S,0128000,0647200,0828700,1001650,1244850,IA,071,IOWA,FREMONT,,20220101,0128000,2021
99999,00000,NON-METRO,GSE,S,0075000,0647200,0828700,1001650,1244850,IA,073,IOWA,GREENE,,20220101,0091000,2017
47940,00000,"WATERLOO-CEDAR FALLS, IA",GSE,S,0152000,0647200,0828700,1001650,1244850,IA,075,IOWA,GRUNDY,,20220101,0152000,2021
19780,00000,"DES MOINES-WEST DES MOINES, IA",GSE,S,0269000,0647200,0828700,1001650,1244850,IA,077,IOWA,GUTHRIE,,20220101,0269000,2021
99999,00000,NON-METRO,GSE,S,0155000,0647200,0828700,1001650,1244850,IA,079,IOWA,HAMILTON,,20220101,0155000,2021
99999,00000,NON-METRO,GSE,S,0095000,0647200,0828700,1001650,1244850,IA,081,IOWA,HANCOCK,,20220101,0115000,2008
99999,00000,NON-METRO,GSE,S,0086000,0647200,0828700,1001650,1244850,IA,083,IOWA,HARDIN,,20220101,0101000,2017
36540,00000,"OMAHA-COUNCIL BLUFFS, NE-IA",GSE,S,0249000,0647200,0828700,1001650,1244850,IA,085,IOWA,HARRISON,,20220101,0249000,2021
99999,00000,NON-METRO,GSE,S,0120000,0647200,0828700,1001650,1244850,IA,087,IOWA,HENRY,,20220101,0120000,2021
99999,00000,NON-METRO,GSE,S,0098000,0647200,0828700,1001650,1244850,IA,089,IOWA,HOWARD,,20220101,0101000,2017
99999,00000,NON-METRO,GSE,S,0119000,0647200,0828700,1001650,1244850,IA,091,IOWA,HUMBOLDT,,20220101,0119000,2021
99999,00000,NON-METRO,GSE,S,0113000,0647200,0828700,1001650,1244850,IA,093,IOWA,IDA,,20220101,0113000,2021
99999,00000,NON-METRO,GSE,S,0135000,0647200,0828700,1001650,1244850,IA,095,IOWA,IOWA,,20220101,0153000,2018
99999,00000,NON-METRO,GSE,S,0110000,0647200,0828700,1001650,1244850,IA,097,IOWA,JACKSON,,20220101,0117000,2009
19780,00000,"DES MOINES-WEST DES MOINES, IA",GSE,S,0269000,0647200,0828700,1001650,1244850,IA,099,IOWA,JASPER,,20220101,0269000,2021
21840,00000,"FAIRFIELD, IA",GSE,S,0125000,0647200,0828700,1001650,1244850,IA,101,IOWA,JEFFERSON,,20220101,0125000,2021
26980,00000,"IOWA CITY, IA",GSE,S,0271000,0647200,0828700,1001650,1244850,IA,103,IOWA,JOHNSON,,20220101,0271000,2021
16300,00000,"CEDAR RAPIDS, IA",GSE,S,0175000,0647200,0828700,1001650,1244850,IA,105,IOWA,JONES,,20220101,0175000,2021
99999,00000,NON-METRO,GSE,S,0070000,0647200,0828700,1001650,1244850,IA,107,IOWA,KEOKUK,,20220101,0076000,2017
99999,00000,NON-METRO,GSE,S,0075000,0647200,0828700,1001650,1244850,IA,109,IOWA,KOSSUTH,,20220101,0087000,2018
22800,00000,"FORT MADISON-KEOKUK, IA-IL-MO",GSE,S,0095000,0647200,0828700,1001650,1244850,IA,111,IOWA,LEE,,20220101,0097000,2016
16300,00000,"CEDAR RAPIDS, IA",GSE,S,0175000,0647200,0828700,1001650,1244850,IA,113,IOWA,LINN,,20220101,0175000,2021
99999,00000,NON-METRO,GSE,S,0079000,0647200,0828700,1001650,1244850,IA,115,IOWA,LOUISA,,20220101,0107000,2017
99999,00000,NON-METRO,GSE,S,0117000,0647200,0828700,1001650,1244850,IA,117,IOWA,LUCAS,,20220101,0117000,2021
99999,00000,NON-METRO,GSE,S,0130000,0647200,0828700,1001650,1244850,IA,119,IOWA,LYON,,20220101,0130000,2021
19780,00000,"DES MOINES-WEST DES MOINES, IA",GSE,S,0269000,0647200,0828700,1001650,1244850,IA,121,IOWA,MADISON,,20220101,0269000,2021
36820,00000,"OSKALOOSA, IA",GSE,S,0124000,0647200,0828700,1001650,1244850,IA,123,IOWA,MAHASKA,,20220101,0139000,2017
37800,00000,"PELLA, IA",GSE,S,0175000,0647200,0828700,1001650,1244850,IA,125,IOWA,MARION,,20220101,0175000,2021
32260,00000,"MARSHALLTOWN, IA",GSE,S,0098000,0647200,0828700,1001650,1244850,IA,127,IOWA,MARSHALL,,20220101,0106000,2008
36540,00000,"OMAHA-COUNCIL BLUFFS, NE-IA",GSE,S,0249000,0647200,0828700,1001650,1244850,IA,129,IOWA,MILLS,,20220101,0249000,2021
99999,00000,NON-METRO,GSE,S,0089000,0647200,0828700,1001650,1244850,IA,131,IOWA,MITCHELL,,20220101,0121000,2017
99999,00000,NON-METRO,GSE,S,0058000,0647200,0828700,1001650,1244850,IA,133,IOWA,MONONA,,20220101,0092000,2015
99999,00000,NON-METRO,GSE,S,0099000,0647200,0828700,1001650,1244850,IA,135,IOWA,MONROE,,20220101,0103000,2017
99999,00000,NON-METRO,GSE,S,0100000,0647200,0828700,1001650,1244850,IA,137,IOWA,MONTGOMERY,,20220101,0100000,2021
34700,00000,"MUSCATINE, IA",GSE,S,0125000,0647200,0828700,1001650,1244850,IA,139,IOWA,MUSCATINE,,20220101,0134000,2020
99999,00000,NON-METRO,GSE,S,0117000,0647200,0828700,1001650,1244850,IA,141,IOWA,O'BRIEN,,20220101,0117000,2021
99999,00000,NON-METRO,GSE,S,0110000,0647200,0828700,1001650,1244850,IA,143,IOWA,OSCEOLA,,20220101,0110000,2021
99999,00000,NON-METRO,GSE,S,0070000,0647200,0828700,1001650,1244850,IA,145,IOWA,PAGE,,20220101,0088000,2017
99999,00000,NON-METRO,GSE,S,0065000,0647200,0828700,1001650,1244850,IA,147,IOWA,PALO ALTO,,20220101,0091000,2017
99999,00000,NON-METRO,GSE,S,0163000,0647200,0828700,1001650,1244850,IA,149,IOWA,PLYMOUTH,,20220101,0163000,2021
99999,00000,NON-METRO,GSE,S,0032000,0647200,0828700,1001650,1244850,IA,151,IOWA,POCAHONTAS,,20220101,0069000,2017
19780,00000,"DES MOINES-WEST DES MOINES, IA",GSE,S,0269000,0647200,0828700,1001650,1244850,IA,153,IOWA,POLK,,20220101,0269000,2021
36540,00000,"OMAHA-COUNCIL BLUFFS, NE-IA",GSE,S,0249000,0647200,0828700,1001650,1244850,IA,155,IOWA,POTTAWATTAMIE,,20220101,0249000,2021
99999,00000,NON-METRO,GSE,S,0126000,0647200,0828700,1001650,1244850,IA,157,IOWA,POWESHIEK,,20220101,0131000,2017
99999,00000,NON-METRO,GSE,S,0045000,0647200,0828700,1001650,1244850,IA,159,IOWA,RINGGOLD,,20220101,0106000,2008
99999,00000,NON-METRO,GSE,S,0080000,0647200,0828700,1001650,1244850,IA,161,IOWA,SAC,,20220101,0092000,2017
19340,00000,"DAVENPORT-MOLINE-ROCK ISLAND, IA-IL",GSE,S,0180000,0647200,0828700,1001650,1244850,IA,163,IOWA,SCOTT,,20220101,0180000,2021
99999,00000,NON-METRO,GSE,S,0115000,0647200,0828700,1001650,1244850,IA,165,IOWA,SHELBY,,20220101,0115000,2021
99999,00000,NON-METRO,GSE,S,0167000,0647200,0828700,1001650,1244850,IA,167,IOWA,SIOUX,,20220101,0167000,2021
11180,00000,"AMES, IA",GSE,S,0215000,0647200,0828700,1001650,1244850,IA,169,IOWA,STORY,,20220101,0215000,2021
99999,00000,NON-METRO,GSE,S,0095000,0647200,0828700,1001650,1244850,IA,171,IOWA,TAMA,,20220101,0101000,2017
99999,00000,NON-METRO,GSE,S,0055000,0647200,0828700,1001650,1244850,IA,173,IOWA,TAYLOR,,20220101,0072000,2013
99999,00000,NON-METRO,GSE,S,0073000,0647200,0828700,1001650,1244850,IA,175,IOWA,UNION,,20220101,0085000,2017
99999,00000,NON-METRO,GSE,S,0065000,0647200,0828700,1001650,1244850,IA,177,IOWA,VAN BUREN,,20220101,0082000,2017
36900,00000,"OTTUMWA, IA",GSE,S,0072000,0647200,0828700,1001650,1244850,IA,179,IOWA,WAPELLO,,20220101,0082000,2017
19780,00000,"DES MOINES-WEST DES MOINES, IA",GSE,S,0269000,0647200,0828700,1001650,1244850,IA,181,IOWA,WARREN,,20220101,0269000,2021
26980,00000,"IOWA CITY, IA",GSE,S,0271000,0647200,0828700,1001650,1244850,IA,183,IOWA,WASHINGTON,,20220101,0271000,2021
99999,00000,NON-METRO,GSE,S,0100000,0647200,0828700,1001650,1244850,IA,185,IOWA,WAYNE,,20220101,0100000,2021
22700,00000,"FORT DODGE, IA",GSE,S,0087000,0647200,0828700,1001650,1244850,IA,187,IOWA,WEBSTER,,20220101,0087000,2021
99999,00000,NON-METRO,GSE,S,0080000,0647200,0828700,1001650,1244850,IA,189,IOWA,WINNEBAGO,,20220101,0100000,2017
99999,00000,NON-METRO,GSE,S,0168000,0647200,0828700,1001650,1244850,IA,191,IOWA,WINNESHIEK,,20220101,0168000,2021
43580,00000,"SIOUX CITY, IA-NE-SD",GSE,S,0250000,0647200,0828700,1001650,1244850,IA,193,IOWA,WOODBURY,,20220101,0250000,2021
32380,00000,"MASON CITY, IA",GSE,S,0122000,0647200,0828700,1001650,1244850,IA,195,IOWA,WORTH,,20220101,0122000,2021
99999,00000,NON-METRO,GSE,S,0072000,0647200,0828700,1001650,1244850,IA,197,IOWA,WRIGHT,,20220101,0078000,2017
14260,00000,"BOISE CITY, ID",GSE,S,0448000,0647200,0828700,1001650,1244850,ID,001,IDAHO,ADA,,20220101,0448000,2021
99999,00000,NON-METRO,GSE,S,0250000,0647200,0828700,1001650,1244850,ID,003,IDAHO,ADAMS,,20220101,0250000,2021
38540,00000,"POCATELLO, ID",GSE,S,0256000,0647200,0828700,1001650,1244850,ID,005,IDAHO,BANNOCK,,20220101,0256000,2021
99999,00000,NON-METRO,GSE,S,0240000,0647200,0828700,1001650,1244850,ID,007,IDAHO,BEAR LAKE,,20220101,0240000,2021
99999,00000,NON-METRO,GSE,S,0193000,0647200,0828700,1001650,1244850,ID,009,IDAHO,BENEWAH,,20220101,0193000,2021
13940,00000,"BLACKFOOT, ID",GSE,S,0269000,0647200,0828700,1001650,1244850,ID,011,IDAHO,BINGHAM,,20220101,0269000,2021
25200,00000,"HAILEY, ID",GSE,H,0564000,0648600,0830300,1003650,1247300,ID,013,IDAHO,BLAINE,,20220101,0564000,2021
14260,00000,"BOISE CITY, ID",GSE,S,0448000,0647200,0828700,1001650,1244850,ID,015,IDAHO,BOISE,,20220101,0448000,2021
41760,00000,"SANDPOINT, ID",GSE,S,0372000,0647200,0828700,1001650,1244850,ID,017,IDAHO,BONNER,,20220101,0372000,2021
26820,00000,"IDAHO FALLS, ID",GSE,S,0348000,0647200,0828700,1001650,1244850,ID,019,IDAHO,BONNEVILLE,,20220101,0348000,2021
99999,00000,NON-METRO,GSE,S,0310000,0647200,0828700,1001650,1244850,ID,021,IDAHO,BOUNDARY,,20220101,0310000,2021
26820,00000,"IDAHO FALLS, ID",GSE,S,0348000,0647200,0828700,1001650,1244850,ID,023,IDAHO,BUTTE,,20220101,0348000,2021
25200,00000,"HAILEY, ID",GSE,H,0564000,0648600,0830300,1003650,1247300,ID,025,IDAHO,CAMAS,,20220101,0564000,2021
14260,00000,"BOISE CITY, ID",GSE,S,0448000,0647200,0828700,1001650,1244850,ID,027,IDAHO,CANYON,,20220101,0448000,2021
99999,00000,NON-METRO,GSE,S,0207000,0647200,0828700,1001650,1244850,ID,029,IDAHO,CARIBOU,,20220101,0207000,2021
15420,00000,"BURLEY, ID",GSE,S,0244000,0647200,0828700,1001650,1244850,ID,031,IDAHO,CASSIA,,20220101,0244000,2021
99999,00000,NON-METRO,GSE,S,0239000,0647200,0828700,1001650,1244850,ID,033,IDAHO,CLARK,,20220101,0239000,2021
99999,00000,NON-METRO,GSE,S,0172000,0647200,0828700,1001650,1244850,ID,035,IDAHO,CLEARWATER,,20220101,0172000,2021
99999,00000,NON-METRO,GSE,S,0187000,0647200,0828700,1001650,1244850,ID,037,IDAHO,CUSTER,,20220101,0205000,2013
34300,00000,"MOUNTAIN HOME, ID",GSE,S,0280000,0647200,0828700,1001650,1244850,ID,039,IDAHO,ELMORE,,20220101,0280000,2021
30860,00000,"LOGAN, UT-ID",GSE,S,0345000,0647200,0828700,1001650,1244850,ID,041,IDAHO,FRANKLIN,,20220101,0345000,2021
39940,00000,"REXBURG, ID",GSE,S,0315000,0647200,0828700,1001650,1244850,ID,043,IDAHO,FREMONT,,20220101,0315000,2021
14260,00000,"BOISE CITY, ID",GSE,S,0448000,0647200,0828700,1001650,1244850,ID,045,IDAHO,GEM,,20220101,0448000,2021
99999,00000,NON-METRO,GSE,S,0215000,0647200,0828700,1001650,1244850,ID,047,IDAHO,GOODING,,20220101,0215000,2021
99999,00000,NON-METRO,GSE,S,0170000,0647200,0828700,1001650,1244850,ID,049,IDAHO,IDAHO,,20220101,0170000,2021
26820,00000,"IDAHO FALLS, ID",GSE,S,0348000,0647200,0828700,1001650,1244850,ID,051,IDAHO,JEFFERSON,,20220101,0348000,2021
46300,00000,"TWIN FALLS, ID",GSE,S,0288000,0647200,0828700,1001650,1244850,ID,053,IDAHO,JEROME,,20220101,0288000,2021
17660,00000,"COEUR D'ALENE, ID",GSE,S,0420000,0647200,0828700,1001650,1244850,ID,055,IDAHO,KOOTENAI,,20220101,0420000,2021
34140,00000,"MOSCOW, ID",GSE,S,0330000,0647200,0828700,1001650,1244850,ID,057,IDAHO,LATAH,,20220101,0330000,2021
99999,00000,NON-METRO,GSE,S,0212000,0647200,0828700,1001650,1244850,ID,059,IDAHO,LEMHI,,20220101,0212000,2021
99999,00000,NON-METRO,GSE,S,0174000,0647200,0828700,1001650,1244850,ID,061,IDAHO,LEWIS,,20220101,0174000,2021
99999,00000,NON-METRO,GSE,S,0200000,0647200,0828700,1001650,1244850,ID,063,IDAHO,LINCOLN,,20220101,0562000,2013
39940,00000,"REXBURG, ID",GSE,S,0315000,0647200,0828700,1001650,1244850,ID,065,IDAHO,MADISON,,20220101,0315000,2021
15420,00000,"BURLEY, ID",GSE,S,0244000,0647200,0828700,1001650,1244850,ID,067,IDAHO,MINIDOKA,,20220101,0244000,2021
30300,00000,"LEWISTON, ID-WA",GSE,S,0272000,0647200,0828700,1001650,1244850,ID,069,IDAHO,NEZ PERCE,,20220101,0272000,2021
99999,00000,NON-METRO,GSE,S,0212000,0647200,0828700,1001650,1244850,ID,071,IDAHO,ONEIDA,,20220101,0212000,2021
14260,00000,"BOISE CITY, ID",GSE,S,0448000,0647200,0828700,1001650,1244850,ID,073,IDAHO,OWYHEE,,20220101,0448000,2021
36620,00000,"ONTARIO, OR-ID",GSE,S,0293000,0647200,0828700,1001650,1244850,ID,075,IDAHO,PAYETTE,,20220101,0293000,2021
38540,00000,"POCATELLO, ID",GSE,S,0256000,0647200,0828700,1001650,1244850,ID,077,IDAHO,POWER,,20220101,0256000,2021
99999,00000,NON-METRO,GSE,S,0233000,0647200,0828700,1001650,1244850,ID,079,IDAHO,SHOSHONE,,20220101,0233000,2021
27220,00000,"JACKSON, WY-ID",GSE,H,1250000,0970800,1243050,1502475,1867275,ID,081,IDAHO,TETON,,20220101,1250000,2021
46300,00000,"TWIN FALLS, ID",GSE,S,0288000,0647200,0828700,1001650,1244850,ID,083,IDAHO,TWIN FALLS,,20220101,0288000,2021
99999,00000,NON-METRO,GSE,S,0363000,0647200,0828700,1001650,1244850,ID,085,IDAHO,VALLEY,,20220101,0363000,2021
99999,00000,NON-METRO,GSE,S,0236000,0647200,0828700,1001650,1244850,ID,087,IDAHO,WASHINGTON,,20220101,0236000,2021
39500,00000,"QUINCY, IL-MO",GSE,S,0139000,0647200,0828700,1001650,1244850,IL,001,ILLINOIS,ADAMS,,20220101,0139000,2021
16020,00000,"CAPE GIRARDEAU, MO-IL",GSE,S,0188000,0647200,0828700,1001650,1244850,IL,003,ILLINOIS,ALEXANDER,,20220101,0188000,2021
41180,00000,"ST. LOUIS, MO-IL",GSE,S,0286000,0647200,0828700,1001650,1244850,IL,005,ILLINOIS,BOND,,20220101,0286000,2021
40420,00000,"ROCKFORD, IL",GSE,S,0188000,0647200,0828700,1001650,1244850,IL,007,ILLINOIS,BOONE,,20220101,0295000,2008
99999,00000,NON-METRO,GSE,S,0080000,0647200,0828700,1001650,1244850,IL,009,ILLINOIS,BROWN,,20220101,0092000,2018
36837,00000,"OTTAWA, IL",GSE,S,0144000,0647200,0828700,1001650,1244850,IL,011,ILLINOIS,BUREAU,,20220101,0149000,2009
41180,00000,"ST. LOUIS, MO-IL",GSE,S,0286000,0647200,0828700,1001650,1244850,IL,013,ILLINOIS,CALHOUN,,20220101,0286000,2021
99999,00000,NON-METRO,GSE,S,0084000,0647200,0828700,1001650,1244850,IL,015,ILLINOIS,CARROLL,,20220101,0100000,2009
99999,00000,NON-METRO,GSE,S,0096000,0647200,0828700,1001650,1244850,IL,017,ILLINOIS,CASS,,20220101,0096000,2021
16580,00000,"CHAMPAIGN-URBANA, IL",GSE,S,0184000,0647200,0828700,1001650,1244850,IL,019,ILLINOIS,CHAMPAIGN,,20220101,0184000,2021
45380,00000,"TAYLORVILLE, IL",GSE,S,0080000,0647200,0828700,1001650,1244850,IL,021,ILLINOIS,CHRISTIAN,,20220101,0087000,2009
99999,00000,NON-METRO,GSE,S,0088000,0647200,0828700,1001650,1244850,IL,023,ILLINOIS,CLARK,,20220101,0089000,2008
99999,00000,NON-METRO,GSE,S,0063000,0647200,0828700,1001650,1244850,IL,025,ILLINOIS,CLAY,,20220101,0085000,2009
41180,00000,"ST. LOUIS, MO-IL",GSE,S,0286000,0647200,0828700,1001650,1244850,IL,027,ILLINOIS,CLINTON,,20220101,0286000,2021
16660,00000,"CHARLESTON-MATTOON, IL",GSE,S,0099000,0647200,0828700,1001650,1244850,IL,029,ILLINOIS,COLES,,20220101,0110000,2020
16980,16984,"CHICAGO-NAPERVILLE-ELGIN, IL-IN-WI",GSE,S,0360000,0647200,0828700,1001650,1244850,IL,031,ILLINOIS,COOK,,20220101,0360000,2021
99999,00000,NON-METRO,GSE,S,0070000,0647200,0828700,1001650,1244850,IL,033,ILLINOIS,CRAWFORD,,20220101,0076000,2014
16660,00000,"CHARLESTON-MATTOON, IL",GSE,S,0099000,0647200,0828700,1001650,1244850,IL,035,ILLINOIS,CUMBERLAND,,20220101,0110000,2020
16980,20994,"CHICAGO-NAPERVILLE-ELGIN, IL-IN-WI",GSE,S,0360000,0647200,0828700,1001650,1244850,IL,037,ILLINOIS,DEKALB,,20220101,0360000,2021
99999,00000,NON-METRO,GSE,S,0093000,0647200,0828700,1001650,1244850,IL,039,ILLINOIS,DE WITT,,20220101,0112000,2009
99999,00000,NON-METRO,GSE,S,0094000,0647200,0828700,1001650,1244850,IL,041,ILLINOIS,DOUGLAS,,20220101,0111000,2019
16980,16984,"CHICAGO-NAPERVILLE-ELGIN, IL-IN-WI",GSE,S,0360000,0647200,0828700,1001650,1244850,IL,043,ILLINOIS,DUPAGE,,20220101,0360000,2021
99999,00000,NON-METRO,GSE,S,0059000,0647200,0828700,1001650,1244850,IL,045,ILLINOIS,EDGAR,,20220101,0090000,2019
99999,00000,NON-METRO,GSE,S,0060000,0647200,0828700,1001650,1244850,IL,047,ILLINOIS,EDWARDS,,20220101,0075000,2017
20820,00000,"EFFINGHAM, IL",GSE,S,0135000,0647200,0828700,1001650,1244850,IL,049,ILLINOIS,EFFINGHAM,,20220101,0135000,2021
99999,00000,NON-METRO,GSE,S,0070000,0647200,0828700,1001650,1244850,IL,051,ILLINOIS,FAYETTE,,20220101,0089000,2017
99999,00000,NON-METRO,GSE,S,0103000,0647200,0828700,1001650,1244850,IL,053,ILLINOIS,FORD,,20220101,0114000,2008
99999,00000,NON-METRO,GSE,S,0086000,0647200,0828700,1001650,1244850,IL,055,ILLINOIS,FRANKLIN,,20220101,0086000,2021
37900,00000,"PEORIA, IL",GSE,S,0140000,0647200,0828700,1001650,1244850,IL,057,ILLINOIS,FULTON,,20220101,0150000,2012
99999,00000,NON-METRO,GSE,S,0048000,0647200,0828700,1001650,1244850,IL,059,ILLINOIS,GALLATIN,,20220101,0063000,2009
99999,00000,NON-METRO,GSE,S,0092000,0647200,0828700,1001650,1244850,IL,061,ILLINOIS,GREENE,,20220101,0098000,2015
16980,16984,"CHICAGO-NAPERVILLE-ELGIN, IL-IN-WI",GSE,S,0360000,0647200,0828700,1001650,1244850,IL,063,ILLINOIS,GRUNDY,,20220101,0360000,2021
99999,00000,NON-METRO,GSE,S,0044000,0647200,0828700,1001650,1244850,IL,065,ILLINOIS,HAMILTON,,20220101,0099000,2018
22800,00000,"FORT MADISON-KEOKUK, IA-IL-MO",GSE,S,0095000,0647200,0828700,1001650,1244850,IL,067,ILLINOIS,HANCOCK,,20220101,0097000,2016
99999,00000,NON-METRO,GSE,S,0035000,0647200,0828700,1001650,1244850,IL,069,ILLINOIS,HARDIN,,20220101,0079000,2020
15460,00000,"BURLINGTON, IA-IL",GSE,S,0098000,0647200,0828700,1001650,1244850,IL,071,ILLINOIS,HENDERSON,,20220101,0116000,2017
19340,00000,"DAVENPORT-MOLINE-ROCK ISLAND, IA-IL",GSE,S,0180000,0647200,0828700,1001650,1244850,IL,073,ILLINOIS,HENRY,,20220101,0180000,2021
99999,00000,NON-METRO,GSE,S,0081000,0647200,0828700,1001650,1244850,IL,075,ILLINOIS,IROQUOIS,,20220101,0111000,2009
16060,00000,"CARBONDALE-MARION, IL",GSE,S,0122000,0647200,0828700,1001650,1244850,IL,077,ILLINOIS,JACKSON,,20220101,0122000,2021
99999,00000,NON-METRO,GSE,S,0048000,0647200,0828700,1001650,1244850,IL,079,ILLINOIS,JASPER,,20220101,0118000,2016
34500,00000,"MOUNT VERNON, IL",GSE,S,0089000,0647200,0828700,1001650,1244850,IL,081,ILLINOIS,JEFFERSON,,20220101,0093000,2009
41180,00000,"ST. LOUIS, MO-IL",GSE,S,0286000,0647200,0828700,1001650,1244850,IL,083,ILLINOIS,JERSEY,,20220101,0286000,2021
99999,00000,NON-METRO,GSE,S,0160000,0647200,0828700,1001650,1244850,IL,085,ILLINOIS,JO DAVIESS,,20220101,0160000,2021
16060,00000,"CARBONDALE-MARION, IL",GSE,S,0122000,0647200,0828700,1001650,1244850,IL,087,ILLINOIS,JOHNSON,,20220101,0122000,2021
16980,20994,"CHICAGO-NAPERVILLE-ELGIN, IL-IN-WI",GSE,S,0360000,0647200,0828700,1001650,1244850,IL,089,ILLINOIS,KANE,,20220101,0360000,2021
28100,00000,"KANKAKEE, IL",GSE,S,0135000,0647200,0828700,1001650,1244850,IL,091,ILLINOIS,KANKAKEE,,20220101,0153000,2008
16980,20994,"CHICAGO-NAPERVILLE-ELGIN, IL-IN-WI",GSE,S,0360000,0647200,0828700,1001650,1244850,IL,093,ILLINOIS,KENDALL,,20220101,0360000,2021
23660,00000,"GALESBURG, IL",GSE,S,0083000,0647200,0828700,1001650,1244850,IL,095,ILLINOIS,KNOX,,20220101,0089000,2008
16980,29404,"CHICAGO-NAPERVILLE-ELGIN, IL-IN-WI",GSE,S,0360000,0647200,0828700,1001650,1244850,IL,097,ILLINOIS,LAKE,,20220101,0360000,2021
36837,00000,"OTTAWA, IL",GSE,S,0144000,0647200,0828700,1001650,1244850,IL,099,ILLINOIS,LASALLE,,20220101,0149000,2009
99999,00000,NON-METRO,GSE,S,0089000,0647200,0828700,1001650,1244850,IL,101,ILLINOIS,LAWRENCE,,20220101,0089000,2021
19940,00000,"DIXON, IL",GSE,S,0110000,0647200,0828700,1001650,1244850,IL,103,ILLINOIS,LEE,,20220101,0118000,2008
38700,00000,"PONTIAC, IL",GSE,S,0100000,0647200,0828700,1001650,1244850,IL,105,ILLINOIS,LIVINGSTON,,20220101,0116000,2018
30660,00000,"LINCOLN, IL",GSE,S,0095000,0647200,0828700,1001650,1244850,IL,107,ILLINOIS,LOGAN,,20220101,0102000,2009
31380,00000,"MACOMB, IL",GSE,S,0075000,0647200,0828700,1001650,1244850,IL,109,ILLINOIS,MCDONOUGH,,20220101,0100000,2017
16980,16984,"CHICAGO-NAPERVILLE-ELGIN, IL-IN-WI",GSE,S,0360000,0647200,0828700,1001650,1244850,IL,111,ILLINOIS,MCHENRY,,20220101,0360000,2021
14010,00000,"BLOOMINGTON, IL",GSE,S,0170000,0647200,0828700,1001650,1244850,IL,113,ILLINOIS,MCLEAN,,20220101,0170000,2021
19500,00000,"DECATUR, IL",GSE,S,0100000,0647200,0828700,1001650,1244850,IL,115,ILLINOIS,MACON,,20220101,0100000,2008
41180,00000,"ST. LOUIS, MO-IL",GSE,S,0286000,0647200,0828700,1001650,1244850,IL,117,ILLINOIS,MACOUPIN,,20220101,0286000,2021
41180,00000,"ST. LOUIS, MO-IL",GSE,S,0286000,0647200,0828700,1001650,1244850,IL,119,ILLINOIS,MADISON,,20220101,0286000,2021
16460,00000,"CENTRALIA, IL",GSE,S,0069000,0647200,0828700,1001650,1244850,IL,121,ILLINOIS,MARION,,20220101,0073000,2009
37900,00000,"PEORIA, IL",GSE,S,0140000,0647200,0828700,1001650,1244850,IL,123,ILLINOIS,MARSHALL,,20220101,0150000,2012
99999,00000,NON-METRO,GSE,S,0068000,0647200,0828700,1001650,1244850,IL,125,ILLINOIS,MASON,,20220101,0087000,2018
37140,00000,"PADUCAH, KY-IL",GSE,S,0145000,0647200,0828700,1001650,1244850,IL,127,ILLINOIS,MASSAC,,20220101,0163000,2019
44100,00000,"SPRINGFIELD, IL",GSE,S,0135000,0647200,0828700,1001650,1244850,IL,129,ILLINOIS,MENARD,,20220101,0142000,2020
19340,00000,"DAVENPORT-MOLINE-ROCK ISLAND, IA-IL",GSE,S,0180000,0647200,0828700,1001650,1244850,IL,131,ILLINOIS,MERCER,,20220101,0180000,2021
41180,00000,"ST. LOUIS, MO-IL",GSE,S,0286000,0647200,0828700,1001650,1244850,IL,133,ILLINOIS,MONROE,,20220101,0286000,2021
99999,00000,NON-METRO,GSE,S,0075000,0647200,0828700,1001650,1244850,IL,135,ILLINOIS,MONTGOMERY,,20220101,0077000,2020
27300,00000,"JACKSONVILLE, IL",GSE,S,0108000,0647200,0828700,1001650,1244850,IL,137,ILLINOIS,MORGAN,,20220101,0238000,2017
99999,00000,NON-METRO,GSE,S,0101000,0647200,0828700,1001650,1244850,IL,139,ILLINOIS,MOULTRIE,,20220101,0110000,2009
40300,00000,"ROCHELLE, IL",GSE,S,0150000,0647200,0828700,1001650,1244850,IL,141,ILLINOIS,OGLE,,20220101,0151000,2008
37900,00000,"PEORIA, IL",GSE,S,0140000,0647200,0828700,1001650,1244850,IL,143,ILLINOIS,PEORIA,,20220101,0150000,2012
99999,00000,NON-METRO,GSE,S,0071000,0647200,0828700,1001650,1244850,IL,145,ILLINOIS,PERRY,,20220101,0084000,2009
16580,00000,"CHAMPAIGN-URBANA, IL",GSE,S,0184000,0647200,0828700,1001650,1244850,IL,147,ILLINOIS,PIATT,,20220101,0184000,2021
99999,00000,NON-METRO,GSE,S,0097000,0647200,0828700,1001650,1244850,IL,149,ILLINOIS,PIKE,,20220101,0097000,2021
99999,00000,NON-METRO,GSE,S,0048000,0647200,0828700,1001650,1244850,IL,151,ILLINOIS,POPE,,20220101,0142000,2016
99999,00000,NON-METRO,GSE,S,0053000,0647200,0828700,1001650,1244850,IL,153,ILLINOIS,PULASKI,,20220101,0070000,2020
36837,00000,"OTTAWA, IL",GSE,S,0144000,0647200,0828700,1001650,1244850,IL,155,ILLINOIS,PUTNAM,,20220101,0149000,2009
99999,00000,NON-METRO,GSE,S,0085000,0647200,0828700,1001650,1244850,IL,157,ILLINOIS,RANDOLPH,,20220101,0085000,2021
99999,00000,NON-METRO,GSE,S,0102000,0647200,0828700,1001650,1244850,IL,159,ILLINOIS,RICHLAND,,20220101,0102000,2021
19340,00000,"DAVENPORT-MOLINE-ROCK ISLAND, IA-IL",GSE,S,0180000,0647200,0828700,1001650,1244850,IL,161,ILLINOIS,ROCK ISLAND,,20220101,0180000,2021
41180,00000,"ST. LOUIS, MO-IL",GSE,S,0286000,0647200,0828700,1001650,1244850,IL,163,ILLINOIS,ST. CLAIR,,20220101,0286000,2021
99999,00000,NON-METRO,GSE,S,0062000,0647200,0828700,1001650,1244850,IL,165,ILLINOIS,SALINE,,20220101,0065000,2008
44100,00000,"SPRINGFIELD, IL",GSE,S,0135000,0647200,0828700,1001650,1244850,IL,167,ILLINOIS,SANGAMON,,20220101,0142000,2020
99999,00000,NON-METRO,GSE,S,0075000,0647200,0828700,1001650,1244850,IL,169,ILLINOIS,SCHUYLER,,20220101,0090000,2019
27300,00000,"JACKSONVILLE, IL",GSE,S,0108000,0647200,0828700,1001650,1244850,IL,171,ILLINOIS,SCOTT,,20220101,0238000,2017
99999,00000,NON-METRO,GSE,S,0077000,0647200,0828700,1001650,1244850,IL,173,ILLINOIS,SHELBY,,20220101,0102000,2009
37900,00000,"PEORIA, IL",GSE,S,0140000,0647200,0828700,1001650,1244850,IL,175,ILLINOIS,STARK,,20220101,0150000,2012
23300,00000,"FREEPORT, IL",GSE,S,0075000,0647200,0828700,1001650,1244850,IL,177,ILLINOIS,STEPHENSON,,20220101,0121000,2009
37900,00000,"PEORIA, IL",GSE,S,0140000,0647200,0828700,1001650,1244850,IL,179,ILLINOIS,TAZEWELL,,20220101,0150000,2012
99999,00000,NON-METRO,GSE,S,0125000,0647200,0828700,1001650,1244850,IL,181,ILLINOIS,UNION,,20220101,0125000,2021
19180,00000,"DANVILLE, IL",GSE,S,0068000,0647200,0828700,1001650,1244850,IL,183,ILLINOIS,VERMILION,,20220101,0075000,2008
99999,00000,NON-METRO,GSE,S,0094000,0647200,0828700,1001650,1244850,IL,185,ILLINOIS,WABASH,,20220101,0096000,2009
99999,00000,NON-METRO,GSE,S,0075000,0647200,0828700,1001650,1244850,IL,187,ILLINOIS,WARREN,,20220101,0090000,2009
99999,00000,NON-METRO,GSE,S,0116000,0647200,0828700,1001650,1244850,IL,189,ILLINOIS,WASHINGTON,,20220101,0120000,2020
99999,00000,NON-METRO,GSE,S,0064000,0647200,0828700,1001650,1244850,IL,191,ILLINOIS,WAYNE,,20220101,0076000,2009
99999,00000,NON-METRO,GSE,S,0061000,0647200,0828700,1001650,1244850,IL,193,ILLINOIS,WHITE,,20220101,0075000,2015
44580,00000,"STERLING, IL",GSE,S,0090000,0647200,0828700,1001650,1244850,IL,195,ILLINOIS,WHITESIDE,,20220101,0114000,2009
16980,16984,"CHICAGO-NAPERVILLE-ELGIN, IL-IN-WI",GSE,S,0360000,0647200,0828700,1001650,1244850,IL,197,ILLINOIS,WILL,,20220101,0360000,2021
16060,00000,"CARBONDALE-MARION, IL",GSE,S,0122000,0647200,0828700,1001650,1244850,IL,199,ILLINOIS,WILLIAMSON,,20220101,0122000,2021
40420,00000,"ROCKFORD, IL",GSE,S,0188000,0647200,0828700,1001650,1244850,IL,201,ILLINOIS,WINNEBAGO,,20220101,0295000,2008
37900,00000,"PEORIA, IL",GSE,S,0140000,0647200,0828700,1001650,1244850,IL,203,ILLINOIS,WOODFORD,,20220101,0150000,2012
19540,00000,"DECATUR, IN",GSE,S,0137000,0647200,0828700,1001650,1244850,IN,001,INDIANA,ADAMS,,20220101,0138000,2020
23060,00000,"FORT WAYNE, IN",GSE,S,0177000,0647200,0828700,1001650,1244850,IN,003,INDIANA,ALLEN,,20220101,0183000,2020
18020,00000,"COLUMBUS, IN",GSE,S,0201000,0647200,0828700,1001650,1244850,IN,005,INDIANA,BARTHOLOMEW,,20220101,0201000,2021
29200,00000,"LAFAYETTE-WEST LAFAYETTE, IN",GSE,S,0210000,0647200,0828700,1001650,1244850,IN,007,INDIANA,BENTON,,20220101,0210000,2021
99999,00000,NON-METRO,GSE,S,0079000,0647200,0828700,1001650,1244850,IN,009,INDIANA,BLACKFORD,,20220101,0090000,2014
26900,00000,"INDIANAPOLIS-CARMEL-ANDERSON, IN",GSE,S,0347000,0647200,0828700,1001650,1244850,IN,011,INDIANA,BOONE,,20220101,0347000,2021
26900,00000,"INDIANAPOLIS-CARMEL-ANDERSON, IN",GSE,S,0347000,0647200,0828700,1001650,1244850,IN,013,INDIANA,BROWN,,20220101,0347000,2021
29200,00000,"LAFAYETTE-WEST LAFAYETTE, IN",GSE,S,0210000,0647200,0828700,1001650,1244850,IN,015,INDIANA,CARROLL,,20220101,0210000,2021
30900,00000,"LOGANSPORT, IN",GSE,S,0108000,0647200,0828700,1001650,1244850,IN,017,INDIANA,CASS,,20220101,0108000,2020
31140,00000,"LOUISVILLE/JEFFERSON COUNTY, KY-IN",GSE,S,0315000,0647200,0828700,1001650,1244850,IN,019,INDIANA,CLARK,,20220101,0315000,2021
